%YAML 1.1
%TAG !u! tag:unity3d.com,2011:
--- !u!1 &1171866960703741913
GameObject:
  m_ObjectHideFlags: 0
  m_CorrespondingSourceObject: {fileID: 0}
  m_PrefabInstance: {fileID: 0}
  m_PrefabAsset: {fileID: 0}
  serializedVersion: 6
  m_Component:
  - component: {fileID: 684255047865395309}
  - component: {fileID: 1239874183557961235}
  - component: {fileID: 7482727405394984578}
  - component: {fileID: 1133875339167271372}
  - component: {fileID: 9083649100421611372}
  - component: {fileID: 527946799677842149}
  m_Layer: 0
  m_Name: ConferrenceDesk
  m_TagString: Untagged
  m_Icon: {fileID: 0}
  m_NavMeshLayer: 0
  m_StaticEditorFlags: 2147483647
  m_IsActive: 1
--- !u!4 &684255047865395309
Transform:
  m_ObjectHideFlags: 0
  m_CorrespondingSourceObject: {fileID: 0}
  m_PrefabInstance: {fileID: 0}
  m_PrefabAsset: {fileID: 0}
  m_GameObject: {fileID: 1171866960703741913}
  m_LocalRotation: {x: -0.0000003793023, y: -3.6520906e-13, z: 0.0000009628443, w: 1}
  m_LocalPosition: {x: -7, y: 0, z: 16}
  m_LocalScale: {x: 1, y: 1, z: 1}
  m_ConstrainProportionsScale: 0
  m_Children: []
  m_Father: {fileID: 0}
  m_RootOrder: 0
  m_LocalEulerAnglesHint: {x: 0, y: 0, z: 0}
--- !u!114 &1239874183557961235
MonoBehaviour:
  m_ObjectHideFlags: 0
  m_CorrespondingSourceObject: {fileID: 0}
  m_PrefabInstance: {fileID: 0}
  m_PrefabAsset: {fileID: 0}
  m_GameObject: {fileID: 1171866960703741913}
  m_Enabled: 1
  m_EditorHideFlags: 0
  m_Script: {fileID: 11500000, guid: 8233d90336aea43098adf6dbabd606a2, type: 3}
  m_Name: 
  m_EditorClassIdentifier: 
  m_MeshFormatVersion: 2
  m_Faces:
  - m_Indexes: 000000000100000002000000010000000300000002000000
    m_SmoothingGroup: 0
    m_Uv:
      m_UseWorldSpace: 0
      m_FlipU: 0
      m_FlipV: 0
      m_SwapUV: 0
      m_Fill: 1
      m_Scale: {x: 1, y: 1}
      m_Offset: {x: 0, y: 0}
      m_Rotation: 0
      m_Anchor: 9
    m_Material: {fileID: 0}
    m_SubmeshIndex: 0
    m_ManualUV: 0
    elementGroup: -1
    m_TextureGroup: -1
  - m_Indexes: 040000000500000006000000070000000400000006000000
    m_SmoothingGroup: 0
    m_Uv:
      m_UseWorldSpace: 0
      m_FlipU: 0
      m_FlipV: 0
      m_SwapUV: 0
      m_Fill: 1
      m_Scale: {x: 1, y: 1}
      m_Offset: {x: 0, y: 0}
      m_Rotation: 0
      m_Anchor: 9
    m_Material: {fileID: 2100000, guid: 31321ba15b8f8eb4c954353edc038b1d, type: 2}
    m_SubmeshIndex: 1
    m_ManualUV: 0
    elementGroup: 0
    m_TextureGroup: 1
  - m_Indexes: 08000000090000000a0000000b000000080000000a000000
    m_SmoothingGroup: 0
    m_Uv:
      m_UseWorldSpace: 0
      m_FlipU: 0
      m_FlipV: 0
      m_SwapUV: 0
      m_Fill: 1
      m_Scale: {x: 1, y: 1}
      m_Offset: {x: 0, y: 0}
      m_Rotation: 0
      m_Anchor: 9
    m_Material: {fileID: 2100000, guid: 31321ba15b8f8eb4c954353edc038b1d, type: 2}
    m_SubmeshIndex: 1
    m_ManualUV: 0
    elementGroup: 0
    m_TextureGroup: 2
  - m_Indexes: 0f0000000d0000000e0000000f0000000c0000000d000000
    m_SmoothingGroup: 0
    m_Uv:
      m_UseWorldSpace: 0
      m_FlipU: 0
      m_FlipV: 0
      m_SwapUV: 0
      m_Fill: 1
      m_Scale: {x: 1, y: 1}
      m_Offset: {x: 0, y: 0}
      m_Rotation: 0
      m_Anchor: 9
    m_Material: {fileID: 2100000, guid: 31321ba15b8f8eb4c954353edc038b1d, type: 2}
    m_SubmeshIndex: 1
    m_ManualUV: 0
    elementGroup: 0
    m_TextureGroup: 3
  - m_Indexes: 130000001100000012000000130000001000000011000000
    m_SmoothingGroup: 0
    m_Uv:
      m_UseWorldSpace: 0
      m_FlipU: 0
      m_FlipV: 0
      m_SwapUV: 0
      m_Fill: 1
      m_Scale: {x: 1, y: 1}
      m_Offset: {x: 0, y: 0}
      m_Rotation: 0
      m_Anchor: 9
    m_Material: {fileID: 2100000, guid: 31321ba15b8f8eb4c954353edc038b1d, type: 2}
    m_SubmeshIndex: 1
    m_ManualUV: 0
    elementGroup: 0
    m_TextureGroup: 4
  - m_Indexes: 160000001700000015000000170000001400000015000000
    m_SmoothingGroup: 0
    m_Uv:
      m_UseWorldSpace: 0
      m_FlipU: 0
      m_FlipV: 0
      m_SwapUV: 0
      m_Fill: 1
      m_Scale: {x: 1, y: 1}
      m_Offset: {x: 0, y: 0}
      m_Rotation: 0
      m_Anchor: 9
    m_Material: {fileID: 2100000, guid: 31321ba15b8f8eb4c954353edc038b1d, type: 2}
    m_SubmeshIndex: 1
    m_ManualUV: 1
    elementGroup: 0
    m_TextureGroup: -1
  - m_Indexes: 1b000000180000001a0000001a0000001800000019000000
    m_SmoothingGroup: 0
    m_Uv:
      m_UseWorldSpace: 0
      m_FlipU: 0
      m_FlipV: 0
      m_SwapUV: 0
      m_Fill: 1
      m_Scale: {x: 1, y: 1}
      m_Offset: {x: 0, y: 0}
      m_Rotation: 0
      m_Anchor: 9
    m_Material: {fileID: 2100000, guid: 31321ba15b8f8eb4c954353edc038b1d, type: 2}
    m_SubmeshIndex: 1
    m_ManualUV: 1
    elementGroup: 0
    m_TextureGroup: -1
  - m_Indexes: 1e0000001f0000001c0000001e0000001c0000001d000000
    m_SmoothingGroup: 0
    m_Uv:
      m_UseWorldSpace: 0
      m_FlipU: 0
      m_FlipV: 0
      m_SwapUV: 0
      m_Fill: 1
      m_Scale: {x: 1, y: 1}
      m_Offset: {x: 0, y: 0}
      m_Rotation: 0
      m_Anchor: 9
    m_Material: {fileID: 2100000, guid: 31321ba15b8f8eb4c954353edc038b1d, type: 2}
    m_SubmeshIndex: 1
    m_ManualUV: 1
    elementGroup: 0
    m_TextureGroup: -1
  - m_Indexes: 220000002300000021000000210000002300000020000000
    m_SmoothingGroup: 0
    m_Uv:
      m_UseWorldSpace: 0
      m_FlipU: 0
      m_FlipV: 0
      m_SwapUV: 0
      m_Fill: 1
      m_Scale: {x: 1, y: 1}
      m_Offset: {x: 0, y: 0}
      m_Rotation: 0
      m_Anchor: 9
    m_Material: {fileID: 2100000, guid: 31321ba15b8f8eb4c954353edc038b1d, type: 2}
    m_SubmeshIndex: 1
    m_ManualUV: 1
    elementGroup: 0
    m_TextureGroup: -1
  - m_Indexes: 240000002500000026000000250000002700000026000000
    m_SmoothingGroup: 0
    m_Uv:
      m_UseWorldSpace: 0
      m_FlipU: 0
      m_FlipV: 0
      m_SwapUV: 0
      m_Fill: 1
      m_Scale: {x: 1, y: 1}
      m_Offset: {x: 0, y: 0}
      m_Rotation: 0
      m_Anchor: 9
    m_Material: {fileID: 0}
    m_SubmeshIndex: 1
    m_ManualUV: 0
    elementGroup: -1
    m_TextureGroup: -1
  - m_Indexes: 28000000290000002a000000290000002b0000002a000000
    m_SmoothingGroup: 0
    m_Uv:
      m_UseWorldSpace: 0
      m_FlipU: 0
      m_FlipV: 0
      m_SwapUV: 0
      m_Fill: 1
      m_Scale: {x: 1, y: 1}
      m_Offset: {x: 0, y: 0}
      m_Rotation: 0
      m_Anchor: 9
    m_Material: {fileID: 0}
    m_SubmeshIndex: 1
    m_ManualUV: 0
    elementGroup: -1
    m_TextureGroup: -1
  - m_Indexes: 2c0000002d0000002e0000002d0000002f0000002e000000
    m_SmoothingGroup: 0
    m_Uv:
      m_UseWorldSpace: 0
      m_FlipU: 0
      m_FlipV: 0
      m_SwapUV: 0
      m_Fill: 1
      m_Scale: {x: 1, y: 1}
      m_Offset: {x: 0, y: 0}
      m_Rotation: 0
      m_Anchor: 9
    m_Material: {fileID: 0}
    m_SubmeshIndex: 1
    m_ManualUV: 0
    elementGroup: -1
    m_TextureGroup: -1
  - m_Indexes: 300000003100000032000000310000003300000032000000
    m_SmoothingGroup: 0
    m_Uv:
      m_UseWorldSpace: 0
      m_FlipU: 0
      m_FlipV: 0
      m_SwapUV: 0
      m_Fill: 1
      m_Scale: {x: 1, y: 1}
      m_Offset: {x: 0, y: 0}
      m_Rotation: 0
      m_Anchor: 9
    m_Material: {fileID: 0}
    m_SubmeshIndex: 1
    m_ManualUV: 0
    elementGroup: -1
    m_TextureGroup: -1
  - m_Indexes: 340000003500000036000000350000003700000036000000
    m_SmoothingGroup: 0
    m_Uv:
      m_UseWorldSpace: 0
      m_FlipU: 0
      m_FlipV: 0
      m_SwapUV: 0
      m_Fill: 1
      m_Scale: {x: 1, y: 1}
      m_Offset: {x: 0, y: 0}
      m_Rotation: 0
      m_Anchor: 9
    m_Material: {fileID: 0}
    m_SubmeshIndex: 1
    m_ManualUV: 0
    elementGroup: -1
    m_TextureGroup: -1
  - m_Indexes: 38000000390000003a000000390000003b0000003a000000
    m_SmoothingGroup: 0
    m_Uv:
      m_UseWorldSpace: 0
      m_FlipU: 0
      m_FlipV: 0
      m_SwapUV: 0
      m_Fill: 1
      m_Scale: {x: 1, y: 1}
      m_Offset: {x: 0, y: 0}
      m_Rotation: 0
      m_Anchor: 9
    m_Material: {fileID: 0}
    m_SubmeshIndex: 1
    m_ManualUV: 0
    elementGroup: -1
    m_TextureGroup: -1
  - m_Indexes: 3c0000003d0000003e0000003d0000003f0000003e000000
    m_SmoothingGroup: 0
    m_Uv:
      m_UseWorldSpace: 0
      m_FlipU: 0
      m_FlipV: 0
      m_SwapUV: 0
      m_Fill: 1
      m_Scale: {x: 1, y: 1}
      m_Offset: {x: 0, y: 0}
      m_Rotation: 0
      m_Anchor: 9
    m_Material: {fileID: 0}
    m_SubmeshIndex: 1
    m_ManualUV: 0
    elementGroup: -1
    m_TextureGroup: -1
  - m_Indexes: 400000004100000042000000410000004300000042000000
    m_SmoothingGroup: 0
    m_Uv:
      m_UseWorldSpace: 0
      m_FlipU: 0
      m_FlipV: 0
      m_SwapUV: 0
      m_Fill: 1
      m_Scale: {x: 1, y: 1}
      m_Offset: {x: 0, y: 0}
      m_Rotation: 0
      m_Anchor: 9
    m_Material: {fileID: 0}
    m_SubmeshIndex: 1
    m_ManualUV: 0
    elementGroup: -1
    m_TextureGroup: -1
  - m_Indexes: 440000004500000046000000450000004700000046000000
    m_SmoothingGroup: 0
    m_Uv:
      m_UseWorldSpace: 0
      m_FlipU: 0
      m_FlipV: 0
      m_SwapUV: 0
      m_Fill: 1
      m_Scale: {x: 1, y: 1}
      m_Offset: {x: 0, y: 0}
      m_Rotation: 0
      m_Anchor: 9
    m_Material: {fileID: 0}
    m_SubmeshIndex: 1
    m_ManualUV: 0
    elementGroup: -1
    m_TextureGroup: -1
  - m_Indexes: 48000000490000004a000000490000004b0000004a000000
    m_SmoothingGroup: 0
    m_Uv:
      m_UseWorldSpace: 0
      m_FlipU: 0
      m_FlipV: 0
      m_SwapUV: 0
      m_Fill: 1
      m_Scale: {x: 1, y: 1}
      m_Offset: {x: 0, y: 0}
      m_Rotation: 0
      m_Anchor: 9
    m_Material: {fileID: 0}
    m_SubmeshIndex: 1
    m_ManualUV: 0
    elementGroup: -1
    m_TextureGroup: -1
  - m_Indexes: 4c0000004d0000004e0000004d0000004f0000004e000000
    m_SmoothingGroup: 0
    m_Uv:
      m_UseWorldSpace: 0
      m_FlipU: 0
      m_FlipV: 0
      m_SwapUV: 0
      m_Fill: 1
      m_Scale: {x: 1, y: 1}
      m_Offset: {x: 0, y: 0}
      m_Rotation: 0
      m_Anchor: 9
    m_Material: {fileID: 0}
    m_SubmeshIndex: 1
    m_ManualUV: 0
    elementGroup: -1
    m_TextureGroup: -1
  - m_Indexes: 500000005100000052000000510000005300000052000000
    m_SmoothingGroup: 0
    m_Uv:
      m_UseWorldSpace: 0
      m_FlipU: 0
      m_FlipV: 0
      m_SwapUV: 0
      m_Fill: 1
      m_Scale: {x: 1, y: 1}
      m_Offset: {x: 0, y: 0}
      m_Rotation: 0
      m_Anchor: 9
    m_Material: {fileID: 0}
    m_SubmeshIndex: 1
    m_ManualUV: 0
    elementGroup: -1
    m_TextureGroup: -1
  - m_Indexes: 560000005500000054000000560000005700000055000000
    m_SmoothingGroup: -1
    m_Uv:
      m_UseWorldSpace: 0
      m_FlipU: 0
      m_FlipV: 0
      m_SwapUV: 0
      m_Fill: 1
      m_Scale: {x: 1, y: 1}
      m_Offset: {x: 0, y: 0}
      m_Rotation: 0
      m_Anchor: 9
    m_Material: {fileID: 0}
    m_SubmeshIndex: 1
    m_ManualUV: 0
    elementGroup: -1
    m_TextureGroup: -1
  - m_Indexes: 580000005b0000005c00000058000000590000005a000000580000005a0000005b000000
    m_SmoothingGroup: 0
    m_Uv:
      m_UseWorldSpace: 0
      m_FlipU: 0
      m_FlipV: 0
      m_SwapUV: 0
      m_Fill: 1
      m_Scale: {x: 1, y: 1}
      m_Offset: {x: 0, y: 0}
      m_Rotation: 0
      m_Anchor: 9
    m_Material: {fileID: 0}
    m_SubmeshIndex: 1
    m_ManualUV: 0
    elementGroup: -1
    m_TextureGroup: -1
  - m_Indexes: 5f0000005e0000005d000000
    m_SmoothingGroup: 0
    m_Uv:
      m_UseWorldSpace: 0
      m_FlipU: 0
      m_FlipV: 0
      m_SwapUV: 0
      m_Fill: 1
      m_Scale: {x: 1, y: 1}
      m_Offset: {x: 0, y: 0}
      m_Rotation: 0
      m_Anchor: 9
    m_Material: {fileID: 2100000, guid: 31321ba15b8f8eb4c954353edc038b1d, type: 2}
    m_SubmeshIndex: 1
    m_ManualUV: 0
    elementGroup: 0
    m_TextureGroup: -1
  - m_Indexes: 600000006100000062000000
    m_SmoothingGroup: 0
    m_Uv:
      m_UseWorldSpace: 0
      m_FlipU: 0
      m_FlipV: 0
      m_SwapUV: 0
      m_Fill: 1
      m_Scale: {x: 1, y: 1}
      m_Offset: {x: 0, y: 0}
      m_Rotation: 0
      m_Anchor: 9
    m_Material: {fileID: 2100000, guid: 31321ba15b8f8eb4c954353edc038b1d, type: 2}
    m_SubmeshIndex: 1
    m_ManualUV: 0
    elementGroup: 0
    m_TextureGroup: -1
  - m_Indexes: 630000006400000065000000
    m_SmoothingGroup: 0
    m_Uv:
      m_UseWorldSpace: 0
      m_FlipU: 0
      m_FlipV: 0
      m_SwapUV: 0
      m_Fill: 1
      m_Scale: {x: 1, y: 1}
      m_Offset: {x: 0, y: 0}
      m_Rotation: 0
      m_Anchor: 9
    m_Material: {fileID: 2100000, guid: 31321ba15b8f8eb4c954353edc038b1d, type: 2}
    m_SubmeshIndex: 1
    m_ManualUV: 0
    elementGroup: 0
    m_TextureGroup: -1
  - m_Indexes: 660000006700000068000000
    m_SmoothingGroup: 0
    m_Uv:
      m_UseWorldSpace: 0
      m_FlipU: 0
      m_FlipV: 0
      m_SwapUV: 0
      m_Fill: 1
      m_Scale: {x: 1, y: 1}
      m_Offset: {x: 0, y: 0}
      m_Rotation: 0
      m_Anchor: 9
    m_Material: {fileID: 2100000, guid: 31321ba15b8f8eb4c954353edc038b1d, type: 2}
    m_SubmeshIndex: 1
    m_ManualUV: 0
    elementGroup: 0
    m_TextureGroup: -1
  - m_Indexes: 690000006a0000006b000000
    m_SmoothingGroup: 0
    m_Uv:
      m_UseWorldSpace: 0
      m_FlipU: 0
      m_FlipV: 0
      m_SwapUV: 0
      m_Fill: 1
      m_Scale: {x: 1, y: 1}
      m_Offset: {x: 0, y: 0}
      m_Rotation: 0
      m_Anchor: 9
    m_Material: {fileID: 2100000, guid: 31321ba15b8f8eb4c954353edc038b1d, type: 2}
    m_SubmeshIndex: 1
    m_ManualUV: 0
    elementGroup: 0
    m_TextureGroup: -1
  - m_Indexes: 6e0000006d0000006c0000006e0000006f0000006d000000
    m_SmoothingGroup: -1
    m_Uv:
      m_UseWorldSpace: 0
      m_FlipU: 0
      m_FlipV: 0
      m_SwapUV: 0
      m_Fill: 1
      m_Scale: {x: 1, y: 1}
      m_Offset: {x: 0, y: 0}
      m_Rotation: 0
      m_Anchor: 9
    m_Material: {fileID: 0}
    m_SubmeshIndex: 1
    m_ManualUV: 0
    elementGroup: -1
    m_TextureGroup: -1
  - m_Indexes: 720000007300000074000000740000007100000072000000740000007000000071000000
    m_SmoothingGroup: 0
    m_Uv:
      m_UseWorldSpace: 0
      m_FlipU: 0
      m_FlipV: 0
      m_SwapUV: 0
      m_Fill: 1
      m_Scale: {x: 1, y: 1}
      m_Offset: {x: 0, y: 0}
      m_Rotation: 0
      m_Anchor: 9
    m_Material: {fileID: 0}
    m_SubmeshIndex: 1
    m_ManualUV: 0
    elementGroup: -1
    m_TextureGroup: -1
  - m_Indexes: 7a0000007500000079000000790000007500000076000000790000007600000078000000760000007700000078000000
    m_SmoothingGroup: 0
    m_Uv:
      m_UseWorldSpace: 0
      m_FlipU: 0
      m_FlipV: 0
      m_SwapUV: 0
      m_Fill: 1
      m_Scale: {x: 1, y: 1}
      m_Offset: {x: 0, y: 0}
      m_Rotation: 0
      m_Anchor: 9
    m_Material: {fileID: 0}
    m_SubmeshIndex: 1
    m_ManualUV: 0
    elementGroup: -1
    m_TextureGroup: -1
  - m_Indexes: 7f000000800000007b0000007f0000007b0000007e0000007b0000007c0000007e0000007e0000007c0000007d000000
    m_SmoothingGroup: 0
    m_Uv:
      m_UseWorldSpace: 0
      m_FlipU: 0
      m_FlipV: 0
      m_SwapUV: 0
      m_Fill: 1
      m_Scale: {x: 1, y: 1}
      m_Offset: {x: 0, y: 0}
      m_Rotation: 0
      m_Anchor: 9
    m_Material: {fileID: 2100000, guid: 31321ba15b8f8eb4c954353edc038b1d, type: 2}
    m_SubmeshIndex: 1
    m_ManualUV: 0
    elementGroup: 0
    m_TextureGroup: 1
  - m_Indexes: 810000008200000083000000
    m_SmoothingGroup: 0
    m_Uv:
      m_UseWorldSpace: 0
      m_FlipU: 0
      m_FlipV: 0
      m_SwapUV: 0
      m_Fill: 1
      m_Scale: {x: 1, y: 1}
      m_Offset: {x: 0, y: 0}
      m_Rotation: 0
      m_Anchor: 9
    m_Material: {fileID: 2100000, guid: 31321ba15b8f8eb4c954353edc038b1d, type: 2}
    m_SubmeshIndex: 1
    m_ManualUV: 0
    elementGroup: 0
    m_TextureGroup: -1
  - m_Indexes: 840000008500000086000000
    m_SmoothingGroup: 0
    m_Uv:
      m_UseWorldSpace: 0
      m_FlipU: 0
      m_FlipV: 0
      m_SwapUV: 0
      m_Fill: 1
      m_Scale: {x: 1, y: 1}
      m_Offset: {x: 0, y: 0}
      m_Rotation: 0
      m_Anchor: 9
    m_Material: {fileID: 2100000, guid: 31321ba15b8f8eb4c954353edc038b1d, type: 2}
    m_SubmeshIndex: 1
    m_ManualUV: 0
    elementGroup: 0
    m_TextureGroup: -1
  - m_Indexes: 870000008800000089000000
    m_SmoothingGroup: 0
    m_Uv:
      m_UseWorldSpace: 0
      m_FlipU: 0
      m_FlipV: 0
      m_SwapUV: 0
      m_Fill: 1
      m_Scale: {x: 1, y: 1}
      m_Offset: {x: 0, y: 0}
      m_Rotation: 0
      m_Anchor: 9
    m_Material: {fileID: 2100000, guid: 31321ba15b8f8eb4c954353edc038b1d, type: 2}
    m_SubmeshIndex: 1
    m_ManualUV: 0
    elementGroup: 0
    m_TextureGroup: -1
  - m_Indexes: 8a0000008b0000008c000000
    m_SmoothingGroup: 0
    m_Uv:
      m_UseWorldSpace: 0
      m_FlipU: 0
      m_FlipV: 0
      m_SwapUV: 0
      m_Fill: 1
      m_Scale: {x: 1, y: 1}
      m_Offset: {x: 0, y: 0}
      m_Rotation: 0
      m_Anchor: 9
    m_Material: {fileID: 2100000, guid: 31321ba15b8f8eb4c954353edc038b1d, type: 2}
    m_SubmeshIndex: 1
    m_ManualUV: 0
    elementGroup: 0
    m_TextureGroup: -1
  - m_Indexes: 8d0000008e0000008f000000
    m_SmoothingGroup: 0
    m_Uv:
      m_UseWorldSpace: 0
      m_FlipU: 0
      m_FlipV: 0
      m_SwapUV: 0
      m_Fill: 1
      m_Scale: {x: 1, y: 1}
      m_Offset: {x: 0, y: 0}
      m_Rotation: 0
      m_Anchor: 9
    m_Material: {fileID: 2100000, guid: 31321ba15b8f8eb4c954353edc038b1d, type: 2}
    m_SubmeshIndex: 1
    m_ManualUV: 0
    elementGroup: 0
    m_TextureGroup: -1
  - m_Indexes: 920000009100000090000000920000009300000091000000
    m_SmoothingGroup: -1
    m_Uv:
      m_UseWorldSpace: 0
      m_FlipU: 0
      m_FlipV: 0
      m_SwapUV: 0
      m_Fill: 1
      m_Scale: {x: 1, y: 1}
      m_Offset: {x: 0, y: 0}
      m_Rotation: 0
      m_Anchor: 9
    m_Material: {fileID: 0}
    m_SubmeshIndex: 1
    m_ManualUV: 0
    elementGroup: -1
    m_TextureGroup: -1
  - m_Indexes: 990000009400000098000000940000009500000098000000980000009500000097000000970000009500000096000000
    m_SmoothingGroup: 0
    m_Uv:
      m_UseWorldSpace: 0
      m_FlipU: 0
      m_FlipV: 0
      m_SwapUV: 0
      m_Fill: 1
      m_Scale: {x: 1, y: 1}
      m_Offset: {x: 0, y: 0}
      m_Rotation: 0
      m_Anchor: 9
    m_Material: {fileID: 2100000, guid: 31321ba15b8f8eb4c954353edc038b1d, type: 2}
    m_SubmeshIndex: 1
    m_ManualUV: 0
    elementGroup: 0
    m_TextureGroup: 4
  - m_Indexes: 9c0000009a0000009b0000009a0000009c0000009d0000009d0000009e0000009a000000
    m_SmoothingGroup: 0
    m_Uv:
      m_UseWorldSpace: 0
      m_FlipU: 0
      m_FlipV: 0
      m_SwapUV: 0
      m_Fill: 1
      m_Scale: {x: 1, y: 1}
      m_Offset: {x: 0, y: 0}
      m_Rotation: 0
      m_Anchor: 9
    m_Material: {fileID: 0}
    m_SubmeshIndex: 1
    m_ManualUV: 0
    elementGroup: -1
    m_TextureGroup: -1
  - m_Indexes: a0000000a40000009f000000a1000000a2000000a3000000a1000000a3000000a0000000a0000000a3000000a4000000
    m_SmoothingGroup: 0
    m_Uv:
      m_UseWorldSpace: 0
      m_FlipU: 0
      m_FlipV: 0
      m_SwapUV: 0
      m_Fill: 1
      m_Scale: {x: 1, y: 1}
      m_Offset: {x: 0, y: 0}
      m_Rotation: 0
      m_Anchor: 9
    m_Material: {fileID: 0}
    m_SubmeshIndex: 1
    m_ManualUV: 0
    elementGroup: -1
    m_TextureGroup: -1
  - m_Indexes: a7000000a6000000a5000000
    m_SmoothingGroup: 0
    m_Uv:
      m_UseWorldSpace: 0
      m_FlipU: 0
      m_FlipV: 0
      m_SwapUV: 0
      m_Fill: 1
      m_Scale: {x: 1, y: 1}
      m_Offset: {x: 0, y: 0}
      m_Rotation: 0
      m_Anchor: 9
    m_Material: {fileID: 2100000, guid: 31321ba15b8f8eb4c954353edc038b1d, type: 2}
    m_SubmeshIndex: 1
    m_ManualUV: 0
    elementGroup: 0
    m_TextureGroup: -1
  - m_Indexes: a8000000a9000000aa000000
    m_SmoothingGroup: 0
    m_Uv:
      m_UseWorldSpace: 0
      m_FlipU: 0
      m_FlipV: 0
      m_SwapUV: 0
      m_Fill: 1
      m_Scale: {x: 1, y: 1}
      m_Offset: {x: 0, y: 0}
      m_Rotation: 0
      m_Anchor: 9
    m_Material: {fileID: 2100000, guid: 31321ba15b8f8eb4c954353edc038b1d, type: 2}
    m_SubmeshIndex: 1
    m_ManualUV: 0
    elementGroup: 0
    m_TextureGroup: -1
  - m_Indexes: ab000000ac000000ad000000
    m_SmoothingGroup: 0
    m_Uv:
      m_UseWorldSpace: 0
      m_FlipU: 0
      m_FlipV: 0
      m_SwapUV: 0
      m_Fill: 1
      m_Scale: {x: 1, y: 1}
      m_Offset: {x: 0, y: 0}
      m_Rotation: 0
      m_Anchor: 9
    m_Material: {fileID: 2100000, guid: 31321ba15b8f8eb4c954353edc038b1d, type: 2}
    m_SubmeshIndex: 1
    m_ManualUV: 0
    elementGroup: 0
    m_TextureGroup: -1
  - m_Indexes: ae000000af000000b0000000
    m_SmoothingGroup: 0
    m_Uv:
      m_UseWorldSpace: 0
      m_FlipU: 0
      m_FlipV: 0
      m_SwapUV: 0
      m_Fill: 1
      m_Scale: {x: 1, y: 1}
      m_Offset: {x: 0, y: 0}
      m_Rotation: 0
      m_Anchor: 9
    m_Material: {fileID: 2100000, guid: 31321ba15b8f8eb4c954353edc038b1d, type: 2}
    m_SubmeshIndex: 1
    m_ManualUV: 0
    elementGroup: 0
    m_TextureGroup: -1
  - m_Indexes: b1000000b2000000b3000000
    m_SmoothingGroup: 0
    m_Uv:
      m_UseWorldSpace: 0
      m_FlipU: 0
      m_FlipV: 0
      m_SwapUV: 0
      m_Fill: 1
      m_Scale: {x: 1, y: 1}
      m_Offset: {x: 0, y: 0}
      m_Rotation: 0
      m_Anchor: 9
    m_Material: {fileID: 2100000, guid: 31321ba15b8f8eb4c954353edc038b1d, type: 2}
    m_SubmeshIndex: 1
    m_ManualUV: 0
    elementGroup: 0
    m_TextureGroup: -1
  - m_Indexes: b6000000b5000000b4000000b6000000b7000000b5000000
    m_SmoothingGroup: -1
    m_Uv:
      m_UseWorldSpace: 0
      m_FlipU: 0
      m_FlipV: 0
      m_SwapUV: 0
      m_Fill: 1
      m_Scale: {x: 1, y: 1}
      m_Offset: {x: 0, y: 0}
      m_Rotation: 0
      m_Anchor: 9
    m_Material: {fileID: 0}
    m_SubmeshIndex: 1
    m_ManualUV: 0
    elementGroup: -1
    m_TextureGroup: -1
  - m_Indexes: bd000000b8000000ba000000b8000000b9000000ba000000bd000000ba000000bb000000bc000000bd000000bb000000
    m_SmoothingGroup: 0
    m_Uv:
      m_UseWorldSpace: 0
      m_FlipU: 0
      m_FlipV: 0
      m_SwapUV: 0
      m_Fill: 1
      m_Scale: {x: 1, y: 1}
      m_Offset: {x: 0, y: 0}
      m_Rotation: 0
      m_Anchor: 9
    m_Material: {fileID: 2100000, guid: 31321ba15b8f8eb4c954353edc038b1d, type: 2}
    m_SubmeshIndex: 1
    m_ManualUV: 0
    elementGroup: 0
    m_TextureGroup: 2
  - m_Indexes: c3000000be000000c2000000c1000000c2000000be000000bf000000c1000000be000000c1000000bf000000c0000000
    m_SmoothingGroup: 0
    m_Uv:
      m_UseWorldSpace: 0
      m_FlipU: 0
      m_FlipV: 0
      m_SwapUV: 0
      m_Fill: 1
      m_Scale: {x: 1, y: 1}
      m_Offset: {x: 0, y: 0}
      m_Rotation: 0
      m_Anchor: 9
    m_Material: {fileID: 2100000, guid: 31321ba15b8f8eb4c954353edc038b1d, type: 2}
    m_SubmeshIndex: 1
    m_ManualUV: 0
    elementGroup: 0
    m_TextureGroup: 3
  - m_Indexes: c8000000c4000000c5000000c6000000c8000000c5000000c7000000c8000000c6000000
    m_SmoothingGroup: 0
    m_Uv:
      m_UseWorldSpace: 0
      m_FlipU: 0
      m_FlipV: 0
      m_SwapUV: 0
      m_Fill: 1
      m_Scale: {x: 1, y: 1}
      m_Offset: {x: 0, y: 0}
      m_Rotation: 0
      m_Anchor: 9
    m_Material: {fileID: 0}
    m_SubmeshIndex: 1
    m_ManualUV: 0
    elementGroup: -1
    m_TextureGroup: -1
  - m_Indexes: cd000000ce000000c9000000cd000000c9000000ca000000cc000000cd000000ca000000cc000000ca000000cb000000
    m_SmoothingGroup: 0
    m_Uv:
      m_UseWorldSpace: 0
      m_FlipU: 0
      m_FlipV: 0
      m_SwapUV: 0
      m_Fill: 1
      m_Scale: {x: 1, y: 1}
      m_Offset: {x: 0, y: 0}
      m_Rotation: 0
      m_Anchor: 9
    m_Material: {fileID: 0}
    m_SubmeshIndex: 1
    m_ManualUV: 0
    elementGroup: -1
    m_TextureGroup: -1
  - m_Indexes: cf000000d0000000d4000000d0000000d3000000d4000000d0000000d1000000d3000000d3000000d1000000d2000000
    m_SmoothingGroup: 0
    m_Uv:
      m_UseWorldSpace: 0
      m_FlipU: 0
      m_FlipV: 0
      m_SwapUV: 0
      m_Fill: 1
      m_Scale: {x: 1, y: 1}
      m_Offset: {x: 0, y: 0}
      m_Rotation: 0
      m_Anchor: 9
    m_Material: {fileID: 0}
    m_SubmeshIndex: 1
    m_ManualUV: 0
    elementGroup: -1
    m_TextureGroup: -1
  - m_Indexes: d7000000d6000000d5000000
    m_SmoothingGroup: 0
    m_Uv:
      m_UseWorldSpace: 0
      m_FlipU: 0
      m_FlipV: 0
      m_SwapUV: 0
      m_Fill: 1
      m_Scale: {x: 1, y: 1}
      m_Offset: {x: 0, y: 0}
      m_Rotation: 0
      m_Anchor: 9
    m_Material: {fileID: 2100000, guid: 31321ba15b8f8eb4c954353edc038b1d, type: 2}
    m_SubmeshIndex: 1
    m_ManualUV: 0
    elementGroup: 0
    m_TextureGroup: -1
  - m_Indexes: d8000000d9000000da000000
    m_SmoothingGroup: 0
    m_Uv:
      m_UseWorldSpace: 0
      m_FlipU: 0
      m_FlipV: 0
      m_SwapUV: 0
      m_Fill: 1
      m_Scale: {x: 1, y: 1}
      m_Offset: {x: 0, y: 0}
      m_Rotation: 0
      m_Anchor: 9
    m_Material: {fileID: 2100000, guid: 31321ba15b8f8eb4c954353edc038b1d, type: 2}
    m_SubmeshIndex: 1
    m_ManualUV: 0
    elementGroup: 0
    m_TextureGroup: -1
  - m_Indexes: db000000dc000000dd000000
    m_SmoothingGroup: 0
    m_Uv:
      m_UseWorldSpace: 0
      m_FlipU: 0
      m_FlipV: 0
      m_SwapUV: 0
      m_Fill: 1
      m_Scale: {x: 1, y: 1}
      m_Offset: {x: 0, y: 0}
      m_Rotation: 0
      m_Anchor: 9
    m_Material: {fileID: 2100000, guid: 31321ba15b8f8eb4c954353edc038b1d, type: 2}
    m_SubmeshIndex: 1
    m_ManualUV: 0
    elementGroup: 0
    m_TextureGroup: -1
  - m_Indexes: de000000df000000e0000000
    m_SmoothingGroup: 0
    m_Uv:
      m_UseWorldSpace: 0
      m_FlipU: 0
      m_FlipV: 0
      m_SwapUV: 0
      m_Fill: 1
      m_Scale: {x: 1, y: 1}
      m_Offset: {x: 0, y: 0}
      m_Rotation: 0
      m_Anchor: 9
    m_Material: {fileID: 2100000, guid: 31321ba15b8f8eb4c954353edc038b1d, type: 2}
    m_SubmeshIndex: 1
    m_ManualUV: 0
    elementGroup: 0
    m_TextureGroup: -1
  - m_Indexes: e1000000e2000000e3000000
    m_SmoothingGroup: 0
    m_Uv:
      m_UseWorldSpace: 0
      m_FlipU: 0
      m_FlipV: 0
      m_SwapUV: 0
      m_Fill: 1
      m_Scale: {x: 1, y: 1}
      m_Offset: {x: 0, y: 0}
      m_Rotation: 0
      m_Anchor: 9
    m_Material: {fileID: 2100000, guid: 31321ba15b8f8eb4c954353edc038b1d, type: 2}
    m_SubmeshIndex: 1
    m_ManualUV: 0
    elementGroup: 0
    m_TextureGroup: -1
  m_SharedVertices:
  - m_Vertices: 000000002d00000074000000a0000000
  - m_Vertices: 010000002c00000058000000ca000000
  - m_Vertices: 02000000400000009a000000a1000000
  - m_Vertices: 0300000041000000c8000000c9000000
  - m_Vertices: 0400000011000000
  - m_Vertices: 0500000008000000
  - m_Vertices: 060000000b0000007c000000bd000000
  - m_Vertices: 07000000120000007b00000098000000
  - m_Vertices: 090000000c000000
  - m_Vertices: 0a0000000f000000b8000000c1000000
  - m_Vertices: 0d00000010000000
  - m_Vertices: 0e0000001300000097000000c2000000
  - m_Vertices: 14000000540000005d0000007e000000
  - m_Vertices: 1500000055000000620000006300000079000000
  - m_Vertices: 160000006c00000078000000810000008c000000
  - m_Vertices: 170000006d0000007f0000008d000000
  - m_Vertices: 18000000b4000000ba000000d5000000
  - m_Vertices: 19000000b5000000cd000000da000000db000000
  - m_Vertices: 1a00000057000000600000006b000000cc000000
  - m_Vertices: 1b000000560000005e000000bb000000
  - m_Vertices: 1c00000090000000a5000000be000000
  - m_Vertices: 1d00000091000000aa000000ab000000d1000000
  - m_Vertices: 1e000000b7000000d0000000d8000000e3000000
  - m_Vertices: 1f000000b6000000bf000000d6000000
  - m_Vertices: 200000006f0000008e00000094000000
  - m_Vertices: 210000006e0000008300000084000000a4000000
  - m_Vertices: 2200000093000000a3000000a8000000b3000000
  - m_Vertices: 230000009200000095000000a6000000
  - m_Vertices: 240000003200000037000000
  - m_Vertices: 25000000330000003a000000
  - m_Vertices: 26000000360000003f000000
  - m_Vertices: 270000003b0000003e000000
  - m_Vertices: 28000000460000004b000000
  - m_Vertices: 29000000470000004e000000
  - m_Vertices: 2a0000004a00000053000000
  - m_Vertices: 2b0000004f00000052000000
  - m_Vertices: 2e000000390000003c00000059000000
  - m_Vertices: 2f000000340000003d00000073000000
  - m_Vertices: 30000000350000007200000076000000
  - m_Vertices: 31000000380000005a00000075000000
  - m_Vertices: 420000004d000000500000009b000000
  - m_Vertices: 430000004800000051000000c7000000
  - m_Vertices: 4400000049000000c6000000d4000000
  - m_Vertices: 450000004c0000009c000000d3000000
  - m_Vertices: 5b00000065000000660000007a000000
  - m_Vertices: 5c0000006800000069000000cb000000
  - m_Vertices: 5f0000007d000000bc000000
  - m_Vertices: 6100000064000000670000006a000000
  - m_Vertices: 7000000086000000870000009f000000
  - m_Vertices: 7100000077000000890000008a000000
  - m_Vertices: 800000008f00000099000000
  - m_Vertices: 8200000085000000880000008b000000
  - m_Vertices: 96000000a7000000c3000000
  - m_Vertices: 9d000000ad000000ae000000d2000000
  - m_Vertices: 9e000000a2000000b0000000b1000000
  - m_Vertices: a9000000ac000000af000000b2000000
  - m_Vertices: b9000000c0000000d7000000
  - m_Vertices: c4000000ce000000dd000000de000000
  - m_Vertices: c5000000cf000000e0000000e1000000
  - m_Vertices: d9000000dc000000df000000e2000000
  m_SharedTextures: []
  m_Positions:
  - {x: 0.4744635, y: 1.0031232, z: -0.7510635}
  - {x: 3.5255318, y: 1.003125, z: -0.7510635}
  - {x: 0.4744635, y: 1.0031219, z: -6.2489367}
  - {x: 3.5255318, y: 1.0031232, z: -6.2489367}
  - {x: 0.5, y: -0.000003095066, z: -0.9999995}
  - {x: 3.5, y: -0.0000030904812, z: -0.9999995}
  - {x: 3.4999993, y: 0.5968729, z: -0.9999995}
  - {x: 0.49999925, y: 0.596873, z: -0.9999995}
  - {x: 3.5, y: -0.0000030904812, z: -0.9999995}
  - {x: 3.5, y: 0.00000067273896, z: -5.999999}
  - {x: 3.4999993, y: 0.59687215, z: -5.9999995}
  - {x: 3.4999993, y: 0.5968729, z: -0.9999995}
  - {x: 3.5, y: 0.00000067273896, z: -5.999999}
  - {x: 0.5, y: 0.0000006681542, z: -5.999999}
  - {x: 0.49999925, y: 0.5968722, z: -5.9999995}
  - {x: 3.4999993, y: 0.59687215, z: -5.9999995}
  - {x: 0.5, y: 0.0000006681542, z: -5.999999}
  - {x: 0.5, y: -0.000003095066, z: -0.9999995}
  - {x: 0.49999925, y: 0.596873, z: -0.9999995}
  - {x: 0.49999925, y: 0.5968722, z: -5.9999995}
  - {x: 3.8759995, y: 0.8781233, z: 0.0000001892922}
  - {x: 3.8759978, y: 1.0031236, z: 0.00000028411807}
  - {x: 0.12399829, y: 1.0031235, z: 0.00000028411796}
  - {x: 0.12399901, y: 0.87812334, z: 0.00000018929225}
  - {x: 3.9999998, y: 0.8781224, z: -6.875999}
  - {x: 3.999998, y: 1.0031228, z: -6.8759995}
  - {x: 3.999998, y: 1.0031236, z: -0.12400007}
  - {x: 3.9999998, y: 0.8781233, z: -0.12400017}
  - {x: 0.123999305, y: 0.87812245, z: -6.9999995}
  - {x: 0.12399859, y: 1.0031229, z: -7}
  - {x: 3.8759978, y: 1.0031228, z: -7}
  - {x: 3.8759995, y: 0.8781224, z: -6.9999995}
  - {x: -0.000001170031, y: 0.87812334, z: -0.12399999}
  - {x: -0.000001882994, y: 1.0031235, z: -0.12399989}
  - {x: -0.000001883005, y: 1.0031229, z: -6.8759995}
  - {x: -0.0000011700425, y: 0.87812245, z: -6.875999}
  - {x: 1.0000019, y: 0.97088736, z: -0.18255924}
  - {x: 3.000002, y: 0.97088754, z: -0.18255924}
  - {x: 1.0000019, y: 0.97088766, z: -0.5685041}
  - {x: 3.000002, y: 0.9708876, z: -0.5685041}
  - {x: 3.000002, y: 0.94595224, z: -6.8672295}
  - {x: 1.0000018, y: 0.9459512, z: -6.8672295}
  - {x: 3.000002, y: 0.9459519, z: -6.381707}
  - {x: 1.0000018, y: 0.9459511, z: -6.381707}
  - {x: 3.5255318, y: 1.003125, z: -0.7510635}
  - {x: 0.4744635, y: 1.0031232, z: -0.7510635}
  - {x: 3.000002, y: 1.0031239, z: -0.56850404}
  - {x: 1.0000019, y: 1.0031239, z: -0.56850404}
  - {x: 1.0000019, y: 1.0031236, z: -0.1825592}
  - {x: 3.000002, y: 1.0031239, z: -0.1825592}
  - {x: 1.0000019, y: 0.97088736, z: -0.18255924}
  - {x: 3.000002, y: 0.97088754, z: -0.18255924}
  - {x: 1.0000019, y: 1.0031239, z: -0.56850404}
  - {x: 1.0000019, y: 1.0031236, z: -0.1825592}
  - {x: 1.0000019, y: 0.97088766, z: -0.5685041}
  - {x: 1.0000019, y: 0.97088736, z: -0.18255924}
  - {x: 3.000002, y: 1.0031239, z: -0.1825592}
  - {x: 3.000002, y: 1.0031239, z: -0.56850404}
  - {x: 3.000002, y: 0.97088754, z: -0.18255924}
  - {x: 3.000002, y: 0.9708876, z: -0.5685041}
  - {x: 3.000002, y: 1.0031239, z: -0.56850404}
  - {x: 1.0000019, y: 1.0031239, z: -0.56850404}
  - {x: 3.000002, y: 0.9708876, z: -0.5685041}
  - {x: 1.0000019, y: 0.97088766, z: -0.5685041}
  - {x: 0.4744635, y: 1.0031219, z: -6.2489367}
  - {x: 3.5255318, y: 1.0031232, z: -6.2489367}
  - {x: 1.0000019, y: 1.0031221, z: -6.381707}
  - {x: 3.000002, y: 1.003123, z: -6.381707}
  - {x: 3.000002, y: 1.0031234, z: -6.8672295}
  - {x: 1.0000019, y: 1.0031223, z: -6.8672295}
  - {x: 3.000002, y: 0.94595224, z: -6.8672295}
  - {x: 1.0000018, y: 0.9459512, z: -6.8672295}
  - {x: 3.000002, y: 1.003123, z: -6.381707}
  - {x: 3.000002, y: 1.0031234, z: -6.8672295}
  - {x: 3.000002, y: 0.9459519, z: -6.381707}
  - {x: 3.000002, y: 0.94595224, z: -6.8672295}
  - {x: 1.0000019, y: 1.0031223, z: -6.8672295}
  - {x: 1.0000019, y: 1.0031221, z: -6.381707}
  - {x: 1.0000018, y: 0.9459512, z: -6.8672295}
  - {x: 1.0000018, y: 0.9459511, z: -6.381707}
  - {x: 1.0000019, y: 1.0031221, z: -6.381707}
  - {x: 3.000002, y: 1.003123, z: -6.381707}
  - {x: 1.0000018, y: 0.9459511, z: -6.381707}
  - {x: 3.000002, y: 0.9459519, z: -6.381707}
  - {x: 3.8759995, y: 0.8781233, z: 0.0000001892922}
  - {x: 3.8759978, y: 1.0031236, z: 0.00000028411807}
  - {x: 3.9999998, y: 0.8781233, z: -0.12400017}
  - {x: 3.999998, y: 1.0031236, z: -0.12400007}
  - {x: 3.5255318, y: 1.003125, z: -0.7510635}
  - {x: 3.000002, y: 1.0031239, z: -0.56850404}
  - {x: 3.000002, y: 1.0031239, z: -0.1825592}
  - {x: 3.8780138, y: 1.0031236, z: -0.022269186}
  - {x: 3.9337718, y: 1.0031239, z: -0.10483369}
  - {x: 3.8759995, y: 0.8781233, z: 0.0000001892922}
  - {x: 3.9999998, y: 0.8781233, z: -0.12400017}
  - {x: 3.9462206, y: 0.8478725, z: -0.10755806}
  - {x: 3.999998, y: 1.0031236, z: -0.12400007}
  - {x: 3.9219453, y: 1.0031236, z: -0.06277567}
  - {x: 3.8759978, y: 1.0031236, z: 0.00000028411807}
  - {x: 3.8759978, y: 1.0031236, z: 0.00000028411807}
  - {x: 3.9219453, y: 1.0031236, z: -0.06277567}
  - {x: 3.8780138, y: 1.0031236, z: -0.022269186}
  - {x: 3.8780138, y: 1.0031236, z: -0.022269186}
  - {x: 3.9219453, y: 1.0031236, z: -0.06277567}
  - {x: 3.9337718, y: 1.0031239, z: -0.10483369}
  - {x: 3.9337718, y: 1.0031239, z: -0.10483369}
  - {x: 3.9219453, y: 1.0031236, z: -0.06277567}
  - {x: 3.999998, y: 1.0031236, z: -0.12400007}
  - {x: 0.12399829, y: 1.0031235, z: 0.00000028411796}
  - {x: 0.12399901, y: 0.87812334, z: 0.00000018929225}
  - {x: -0.000001882994, y: 1.0031235, z: -0.12399989}
  - {x: -0.000001170031, y: 0.87812334, z: -0.12399999}
  - {x: 0.06622425, y: 1.0031235, z: -0.1048336}
  - {x: 0.12198223, y: 1.0031235, z: -0.022268988}
  - {x: 1.0000019, y: 1.0031236, z: -0.1825592}
  - {x: 1.0000019, y: 1.0031239, z: -0.56850404}
  - {x: 0.4744635, y: 1.0031232, z: -0.7510635}
  - {x: 3.000002, y: 1.0031239, z: -0.1825592}
  - {x: 1.0000019, y: 1.0031236, z: -0.1825592}
  - {x: 0.12198223, y: 1.0031235, z: -0.022268988}
  - {x: 0.12399829, y: 1.0031235, z: 0.00000028411796}
  - {x: 3.8759978, y: 1.0031236, z: 0.00000028411807}
  - {x: 3.8780138, y: 1.0031236, z: -0.022269186}
  - {x: 0.49999925, y: 0.596873, z: -0.9999995}
  - {x: 3.4999993, y: 0.5968729, z: -0.9999995}
  - {x: 3.9462206, y: 0.8478725, z: -0.10755806}
  - {x: 3.8759995, y: 0.8781233, z: 0.0000001892922}
  - {x: 0.12399901, y: 0.87812334, z: 0.00000018929225}
  - {x: 0.053777937, y: 0.84787256, z: -0.1075579}
  - {x: 0.12399829, y: 1.0031235, z: 0.00000028411796}
  - {x: 0.07805072, y: 1.0031235, z: -0.06277555}
  - {x: -0.000001882994, y: 1.0031235, z: -0.12399989}
  - {x: -0.000001882994, y: 1.0031235, z: -0.12399989}
  - {x: 0.07805072, y: 1.0031235, z: -0.06277555}
  - {x: 0.06622425, y: 1.0031235, z: -0.1048336}
  - {x: 0.06622425, y: 1.0031235, z: -0.1048336}
  - {x: 0.07805072, y: 1.0031235, z: -0.06277555}
  - {x: 0.12198223, y: 1.0031235, z: -0.022268988}
  - {x: 0.12198223, y: 1.0031235, z: -0.022268988}
  - {x: 0.07805072, y: 1.0031235, z: -0.06277555}
  - {x: 0.12399829, y: 1.0031235, z: 0.00000028411796}
  - {x: 0.12399901, y: 0.87812334, z: 0.00000018929225}
  - {x: -0.000001170031, y: 0.87812334, z: -0.12399999}
  - {x: 0.053777937, y: 0.84787256, z: -0.1075579}
  - {x: 0.123999305, y: 0.87812245, z: -6.9999995}
  - {x: 0.12399859, y: 1.0031229, z: -7}
  - {x: -0.0000011700425, y: 0.87812245, z: -6.875999}
  - {x: -0.000001883005, y: 1.0031229, z: -6.8759995}
  - {x: -0.000001170031, y: 0.87812334, z: -0.12399999}
  - {x: -0.0000011700425, y: 0.87812245, z: -6.875999}
  - {x: 0.053778052, y: 0.84787166, z: -6.8924413}
  - {x: 0.49999925, y: 0.5968722, z: -5.9999995}
  - {x: 0.49999925, y: 0.596873, z: -0.9999995}
  - {x: 0.053777937, y: 0.84787256, z: -0.1075579}
  - {x: 0.4744635, y: 1.0031219, z: -6.2489367}
  - {x: 1.0000019, y: 1.0031221, z: -6.381707}
  - {x: 1.0000019, y: 1.0031223, z: -6.8672295}
  - {x: 0.122919895, y: 1.0031228, z: -6.98368}
  - {x: 0.06622443, y: 1.0031228, z: -6.895166}
  - {x: 0.06622425, y: 1.0031235, z: -0.1048336}
  - {x: 0.4744635, y: 1.0031232, z: -0.7510635}
  - {x: 0.4744635, y: 1.0031219, z: -6.2489367}
  - {x: 0.06622443, y: 1.0031228, z: -6.895166}
  - {x: -0.000001883005, y: 1.0031229, z: -6.8759995}
  - {x: -0.000001882994, y: 1.0031235, z: -0.12399989}
  - {x: 0.123999305, y: 0.87812245, z: -6.9999995}
  - {x: -0.0000011700425, y: 0.87812245, z: -6.875999}
  - {x: 0.053778052, y: 0.84787166, z: -6.8924413}
  - {x: -0.000001883005, y: 1.0031229, z: -6.8759995}
  - {x: 0.078285255, y: 1.0031228, z: -6.9387116}
  - {x: 0.12399859, y: 1.0031229, z: -7}
  - {x: 0.12399859, y: 1.0031229, z: -7}
  - {x: 0.078285255, y: 1.0031228, z: -6.9387116}
  - {x: 0.122919895, y: 1.0031228, z: -6.98368}
  - {x: 0.122919895, y: 1.0031228, z: -6.98368}
  - {x: 0.078285255, y: 1.0031228, z: -6.9387116}
  - {x: 0.06622443, y: 1.0031228, z: -6.895166}
  - {x: 0.06622443, y: 1.0031228, z: -6.895166}
  - {x: 0.078285255, y: 1.0031228, z: -6.9387116}
  - {x: -0.000001883005, y: 1.0031229, z: -6.8759995}
  - {x: 3.9999998, y: 0.8781224, z: -6.875999}
  - {x: 3.999998, y: 1.0031228, z: -6.8759995}
  - {x: 3.8759995, y: 0.8781224, z: -6.9999995}
  - {x: 3.8759978, y: 1.0031228, z: -7}
  - {x: 3.4999993, y: 0.59687215, z: -5.9999995}
  - {x: 3.9462206, y: 0.8478716, z: -6.8924413}
  - {x: 3.9999998, y: 0.8781224, z: -6.875999}
  - {x: 3.9999998, y: 0.8781233, z: -0.12400017}
  - {x: 3.9462206, y: 0.8478725, z: -0.10755806}
  - {x: 3.4999993, y: 0.5968729, z: -0.9999995}
  - {x: 0.123999305, y: 0.87812245, z: -6.9999995}
  - {x: 3.8759995, y: 0.8781224, z: -6.9999995}
  - {x: 3.9462206, y: 0.8478716, z: -6.8924413}
  - {x: 3.4999993, y: 0.59687215, z: -5.9999995}
  - {x: 0.49999925, y: 0.5968722, z: -5.9999995}
  - {x: 0.053778052, y: 0.84787166, z: -6.8924413}
  - {x: 3.9337716, y: 1.0031228, z: -6.895166}
  - {x: 3.8770764, y: 1.0031229, z: -6.98368}
  - {x: 3.000002, y: 1.0031234, z: -6.8672295}
  - {x: 3.000002, y: 1.003123, z: -6.381707}
  - {x: 3.5255318, y: 1.0031232, z: -6.2489367}
  - {x: 3.5255318, y: 1.0031232, z: -6.2489367}
  - {x: 3.5255318, y: 1.003125, z: -0.7510635}
  - {x: 3.9337718, y: 1.0031239, z: -0.10483369}
  - {x: 3.999998, y: 1.0031236, z: -0.12400007}
  - {x: 3.999998, y: 1.0031228, z: -6.8759995}
  - {x: 3.9337716, y: 1.0031228, z: -6.895166}
  - {x: 3.8770764, y: 1.0031229, z: -6.98368}
  - {x: 3.8759978, y: 1.0031228, z: -7}
  - {x: 0.12399859, y: 1.0031229, z: -7}
  - {x: 0.122919895, y: 1.0031228, z: -6.98368}
  - {x: 1.0000019, y: 1.0031223, z: -6.8672295}
  - {x: 3.000002, y: 1.0031234, z: -6.8672295}
  - {x: 3.9999998, y: 0.8781224, z: -6.875999}
  - {x: 3.8759995, y: 0.8781224, z: -6.9999995}
  - {x: 3.9462206, y: 0.8478716, z: -6.8924413}
  - {x: 3.8759978, y: 1.0031228, z: -7}
  - {x: 3.9217107, y: 1.0031228, z: -6.938711}
  - {x: 3.999998, y: 1.0031228, z: -6.8759995}
  - {x: 3.999998, y: 1.0031228, z: -6.8759995}
  - {x: 3.9217107, y: 1.0031228, z: -6.938711}
  - {x: 3.9337716, y: 1.0031228, z: -6.895166}
  - {x: 3.9337716, y: 1.0031228, z: -6.895166}
  - {x: 3.9217107, y: 1.0031228, z: -6.938711}
  - {x: 3.8770764, y: 1.0031229, z: -6.98368}
  - {x: 3.8770764, y: 1.0031229, z: -6.98368}
  - {x: 3.9217107, y: 1.0031228, z: -6.938711}
  - {x: 3.8759978, y: 1.0031228, z: -7}
  m_Textures0:
  - {x: 0.4744641, y: -0.7510633}
  - {x: 3.5255322, y: -0.7510633}
  - {x: 0.4744641, y: -6.248936}
  - {x: 3.5255322, y: -6.248936}
  - {x: -0.5, y: -0.6038457}
  - {x: -3.5, y: -0.6038457}
  - {x: -3.4999993, y: -0.12807412}
  - {x: -0.49999925, y: -0.12807405}
  - {x: -0.9999998, y: 1.7669561}
  - {x: -5.9999995, y: 1.7669592}
  - {x: -6, y: 2.2821841}
  - {x: -0.9999998, y: 2.282185}
  - {x: 3.5, y: 3.6230638}
  - {x: 0.50000006, y: 3.6230638}
  - {x: 0.4999993, y: 4.098832}
  - {x: 3.4999993, y: 4.098832}
  - {x: 5.999999, y: -0.25242287}
  - {x: 0.99999946, y: -0.2524259}
  - {x: 0.99999946, y: 0.2628034}
  - {x: 5.9999995, y: 0.26280254}
  - {x: -3.8759995, y: 0.8084733}
  - {x: -3.8759978, y: 0.92355907}
  - {x: -0.12399829, y: 0.92355895}
  - {x: -0.12399901, y: 0.8084734}
  - {x: -6.875999, y: 2.1501865}
  - {x: -6.8759995, y: 2.2681692}
  - {x: -0.12400029, y: 2.26817}
  - {x: -0.124000385, y: 2.1501877}
  - {x: 0.123999365, y: 3.5406582}
  - {x: 0.12399865, y: 3.655744}
  - {x: 3.8759978, y: 3.655744}
  - {x: 3.8759995, y: 3.5406582}
  - {x: 0.12399999, y: 0.82882535}
  - {x: 0.12399989, y: 0.94680816}
  - {x: 6.8759995, y: 0.9468075}
  - {x: 6.875999, y: 0.8288244}
  - {x: 1.000002, y: -0.18255998}
  - {x: 3.000002, y: -0.18255998}
  - {x: 1.000002, y: -0.56850487}
  - {x: 3.000002, y: -0.56850487}
  - {x: 3.0000024, y: -6.86723}
  - {x: 1.0000023, y: -6.86723}
  - {x: 3.0000024, y: -6.3817077}
  - {x: 1.0000023, y: -6.3817077}
  - {x: 3.5255322, y: -0.75106776}
  - {x: 0.4744641, y: -0.75106776}
  - {x: 3.0000024, y: -0.56850827}
  - {x: 1.0000025, y: -0.56850827}
  - {x: 1.0000019, y: 1.0031235}
  - {x: 3.000002, y: 1.0031238}
  - {x: 1.0000019, y: 0.9708872}
  - {x: 3.000002, y: 0.97088736}
  - {x: -0.56850404, y: 1.0031239}
  - {x: -0.1825592, y: 1.0031236}
  - {x: -0.5685041, y: 0.97088766}
  - {x: -0.18255924, y: 0.97088736}
  - {x: 0.1825592, y: 1.0031239}
  - {x: 0.56850404, y: 1.0031239}
  - {x: 0.18255924, y: 0.97088754}
  - {x: 0.5685041, y: 0.9708876}
  - {x: -3.000002, y: 1.0031228}
  - {x: -1.0000019, y: 1.0031228}
  - {x: -3.000002, y: 0.9708865}
  - {x: -1.0000019, y: 0.9708866}
  - {x: 0.4744639, y: -6.2489367}
  - {x: 3.5255322, y: -6.2489367}
  - {x: 1.0000024, y: -6.381707}
  - {x: 3.0000024, y: -6.381707}
  - {x: -3.000002, y: 1.0031234}
  - {x: -1.0000019, y: 1.0031223}
  - {x: -3.000002, y: 0.94595224}
  - {x: -1.0000018, y: 0.9459512}
  - {x: 6.381707, y: 1.003123}
  - {x: 6.8672295, y: 1.0031234}
  - {x: 6.381707, y: 0.9459519}
  - {x: 6.8672295, y: 0.94595224}
  - {x: -6.8672295, y: 1.0031244}
  - {x: -6.381707, y: 1.0031241}
  - {x: -6.8672295, y: 0.9459533}
  - {x: -6.381707, y: 0.9459532}
  - {x: 1.0000019, y: 1.0031221}
  - {x: 3.000002, y: 1.003123}
  - {x: 1.0000018, y: 0.9459511}
  - {x: 3.000002, y: 0.9459519}
  - {x: -2.7407448, y: 0.8780989}
  - {x: -2.7407436, y: 1.0030993}
  - {x: -2.916108, y: 0.8780989}
  - {x: -2.9161065, y: 1.0030993}
  - {x: 3.5255322, y: -0.75106514}
  - {x: 3.0000024, y: -0.56850564}
  - {x: 3.0000024, y: -0.1825608}
  - {x: 3.8780143, y: -0.02227078}
  - {x: 3.9337723, y: -0.10483529}
  - {x: -3.5643873, y: -0.9364246}
  - {x: -3.6607337, y: -1.0829495}
  - {x: -3.5999045, y: -1.0635208}
  - {x: 3.999998, y: -0.12400007}
  - {x: 3.9219453, y: -0.06277567}
  - {x: 3.8759978, y: 0.00000028411807}
  - {x: 3.8759978, y: 0.00000028411807}
  - {x: 3.9219453, y: -0.06277567}
  - {x: 3.8780138, y: -0.022269186}
  - {x: 3.8780067, y: -0.022276863}
  - {x: 3.9219382, y: -0.062783346}
  - {x: 3.9337647, y: -0.10484137}
  - {x: 3.9337661, y: -0.10484099}
  - {x: 3.9219396, y: -0.062782966}
  - {x: 3.9999924, y: -0.12400737}
  - {x: -0.087680236, y: 1.0031232}
  - {x: -0.08768067, y: 0.8781229}
  - {x: 0.08768249, y: 1.0031232}
  - {x: 0.08768206, y: 0.8781229}
  - {x: 0.06622469, y: -0.104833126}
  - {x: 0.12198267, y: -0.022268508}
  - {x: 1.0000024, y: -0.18255873}
  - {x: 1.0000024, y: -0.56850356}
  - {x: 0.47446394, y: -0.75106305}
  - {x: 3.000002, y: -0.18256024}
  - {x: 1.0000019, y: -0.18256024}
  - {x: 0.12198228, y: -0.022270022}
  - {x: 0.12399834, y: -0.0000007491651}
  - {x: 3.8759978, y: -0.00000074916494}
  - {x: 3.8780138, y: -0.02227022}
  - {x: -0.49999925, y: -0.12807405}
  - {x: -3.4999993, y: -0.12807412}
  - {x: -3.9462206, y: 0.61089337}
  - {x: -3.8759995, y: 0.6999547}
  - {x: -0.12399901, y: 0.69995475}
  - {x: -0.053777937, y: 0.6108935}
  - {x: 0.12399829, y: 0.00000028411796}
  - {x: 0.07805072, y: -0.06277555}
  - {x: -0.000001882994, y: -0.12399989}
  - {x: -0.000001882994, y: -0.12399989}
  - {x: 0.07805072, y: -0.06277555}
  - {x: 0.06622425, y: -0.1048336}
  - {x: 0.06622425, y: -0.1048336}
  - {x: 0.07805072, y: -0.06277555}
  - {x: 0.12198223, y: -0.022268988}
  - {x: 0.12198223, y: -0.022268988}
  - {x: 0.07805072, y: -0.06277555}
  - {x: 0.12399829, y: 0.00000028411796}
  - {x: 0.4564507, y: 0.40507302}
  - {x: 0.5527969, y: 0.2585483}
  - {x: 0.49196792, y: 0.27797708}
  - {x: 5.0374293, y: 0.87815523}
  - {x: 5.0374293, y: 1.0031557}
  - {x: 4.8620663, y: 0.87815523}
  - {x: 4.8620663, y: 1.0031557}
  - {x: 0.12399999, y: 0.7580048}
  - {x: 6.875999, y: 0.7580037}
  - {x: 6.8924413, y: 0.7047407}
  - {x: 5.9999995, y: 0.26280254}
  - {x: 0.99999946, y: 0.2628034}
  - {x: 0.10755789, y: 0.70474184}
  - {x: 0.4744632, y: -6.2489376}
  - {x: 1.0000015, y: -6.381708}
  - {x: 1.0000015, y: -6.8672304}
  - {x: 0.12291959, y: -6.9836807}
  - {x: 0.06622413, y: -6.895167}
  - {x: 0.0662227, y: -0.10483347}
  - {x: 0.47446194, y: -0.7510634}
  - {x: 0.47446194, y: -6.2489367}
  - {x: 0.066222884, y: -6.895166}
  - {x: -0.0000034300517, y: -6.8759995}
  - {x: -0.0000034300415, y: -0.12399976}
  - {x: 0.4564508, y: -6.3289943}
  - {x: 0.55279714, y: -6.182469}
  - {x: 0.49196807, y: -6.201898}
  - {x: -0.000009560802, y: -6.876007}
  - {x: 0.07827758, y: -6.9387193}
  - {x: 0.123990916, y: -7.0000076}
  - {x: 0.123990685, y: -7.0000076}
  - {x: 0.07827735, y: -6.9387193}
  - {x: 0.12291199, y: -6.9836874}
  - {x: 0.122919895, y: -6.98368}
  - {x: 0.078285255, y: -6.9387116}
  - {x: 0.06622443, y: -6.895166}
  - {x: 0.066222474, y: -6.8951664}
  - {x: 0.078283295, y: -6.938712}
  - {x: -0.000003846004, y: -6.876}
  - {x: -2.033646, y: 0.87807053}
  - {x: -2.0336475, y: 1.003071}
  - {x: -2.2090092, y: 0.87807053}
  - {x: -2.2090106, y: 1.003071}
  - {x: -6, y: 2.2821841}
  - {x: -6.8924417, y: 2.724122}
  - {x: -6.8759995, y: 2.777385}
  - {x: -0.12400049, y: 2.777386}
  - {x: -0.10755837, y: 2.724123}
  - {x: -0.9999998, y: 2.282185}
  - {x: 0.12399939, y: 4.9268613}
  - {x: 3.8759995, y: 4.9268613}
  - {x: 3.9462206, y: 4.8378}
  - {x: 3.4999993, y: 4.098832}
  - {x: 0.4999993, y: 4.098832}
  - {x: 0.053778134, y: 4.8378}
  - {x: 3.9337711, y: -6.895166}
  - {x: 3.877076, y: -6.98368}
  - {x: 3.0000014, y: -6.8672295}
  - {x: 3.0000014, y: -6.381707}
  - {x: 3.5255313, y: -6.2489367}
  - {x: 3.52553, y: -6.2489367}
  - {x: 3.52553, y: -0.75106335}
  - {x: 3.9337702, y: -0.104833506}
  - {x: 3.9999964, y: -0.123999886}
  - {x: 3.9999964, y: -6.8759995}
  - {x: 3.93377, y: -6.895166}
  - {x: 3.8770764, y: -6.98368}
  - {x: 3.8759978, y: -7}
  - {x: 0.12399866, y: -7}
  - {x: 0.12291996, y: -6.98368}
  - {x: 1.000002, y: -6.8672295}
  - {x: 3.000002, y: -6.8672295}
  - {x: -3.6607292, y: -4.840966}
  - {x: -3.564383, y: -4.9874916}
  - {x: -3.5999002, y: -4.8603954}
  - {x: 3.8759978, y: -7}
  - {x: 3.9217107, y: -6.938711}
  - {x: 3.999998, y: -6.8759995}
  - {x: 3.999998, y: -6.8759995}
  - {x: 3.9217107, y: -6.938711}
  - {x: 3.9337716, y: -6.895166}
  - {x: 3.9337678, y: -6.895165}
  - {x: 3.921707, y: -6.93871}
  - {x: 3.8770726, y: -6.983679}
  - {x: 3.8770657, y: -6.9836717}
  - {x: 3.9217, y: -6.938703}
  - {x: 3.875987, y: -6.999992}
  m_Textures2: []
  m_Textures3: []
  m_Tangents:
  - {x: 1, y: 0.0000005860699, z: 0, w: -1}
  - {x: 1, y: 0.00000050792727, z: 0, w: -1}
  - {x: 1, y: 0.00000050792727, z: 0, w: -1}
  - {x: 1, y: 0.00000042978462, z: -9.243934e-21, w: -1}
  - {x: -1, y: -0.0000000064084773, z: 0, w: -1}
  - {x: -1, y: -0.0000000015282543, z: 0, w: -1}
  - {x: -1, y: -0.0000000064084773, z: 0, w: -1}
  - {x: -1, y: -0.000000011288701, z: 0, w: -1}
  - {x: -2.9788498e-13, y: -0.00000005025573, z: 1, w: -1}
  - {x: -8.605537e-13, y: -0.000000034523392, z: 1, w: -1}
  - {x: -2.9788498e-13, y: -0.00000005025573, z: 1, w: -1}
  - {x: 2.6478364e-13, y: -0.00000006598806, z: 1, w: -1}
  - {x: 1, y: 0, z: 0, w: -1}
  - {x: 1, y: -0.000000009934108, z: 8.4703295e-22, w: -1}
  - {x: 1, y: -0.000000019868216, z: 1.6940659e-21, w: -1}
  - {x: 1, y: -0.000000009934108, z: 8.4703295e-22, w: -1}
  - {x: 8.7917054e-13, y: 0.000000046708482, z: -1, w: -1}
  - {x: 3.1460612e-13, y: 0.00000004599071, z: -1, w: -1}
  - {x: -2.4995837e-13, y: 0.00000004527294, z: -1, w: -1}
  - {x: 3.1460612e-13, y: 0.00000004599071, z: -1, w: -1}
  - {x: -1, y: -0.000000018623256, z: -1.1028799e-14, w: -1}
  - {x: -1, y: -0.000000007943038, z: -7.5750775e-15, w: -1}
  - {x: -1, y: 0.00000000273718, z: -4.121358e-15, w: -1}
  - {x: -1, y: -0.000000007943038, z: -7.5750775e-15, w: -1}
  - {x: 2.2477126e-12, y: -0.00000004034865, z: 1, w: -1}
  - {x: 1.9979647e-12, y: -0.000000026056776, z: 1, w: -1}
  - {x: 2.2477126e-12, y: -0.00000004034865, z: 1, w: -1}
  - {x: 2.4974608e-12, y: -0.00000005464052, z: 1, w: -1}
  - {x: 1, y: -0.000000023829152, z: 0, w: -1}
  - {x: 1, y: -0.000000031772206, z: 0, w: -1}
  - {x: 1, y: -0.000000023829152, z: 0, w: -1}
  - {x: 1, y: -0.0000000158861, z: 0, w: -1}
  - {x: -2.5541127e-12, y: 0.000000017228562, z: -1, w: -1}
  - {x: -2.3870736e-12, y: 0.00000001591592, z: -1, w: -1}
  - {x: -2.2200343e-12, y: 0.000000014603278, z: -1, w: -1}
  - {x: -2.3870736e-12, y: 0.00000001591592, z: -1, w: -1}
  - {x: 1, y: 0.00000008940697, z: 0, w: -1}
  - {x: 1, y: 0.000000029802322, z: 0, w: -1}
  - {x: 1, y: 0.000000029802322, z: 0, w: -1}
  - {x: 1, y: -0.000000029802322, z: 0, w: -1}
  - {x: 1, y: 0.0000005066395, z: 0, w: -1}
  - {x: 1, y: 0.00000044703484, z: 0, w: -1}
  - {x: 1, y: 0.00000044703484, z: 0, w: -1}
  - {x: 1, y: 0.0000003874302, z: 0, w: -1}
  - {x: 1, y: 0.0000005860699, z: 0, w: -1}
  - {x: 1, y: 0.00000029303496, z: 0, w: -1}
  - {x: 1, y: 0.00000029303496, z: 0, w: -1}
  - {x: 1, y: 0, z: 0, w: -1}
  - {x: 1, y: 2.204167e-13, z: -1.1020835e-13, w: -1}
  - {x: 1, y: 1.9286447e-13, z: -9.6432234e-14, w: -1}
  - {x: 1, y: 1.9286447e-13, z: -9.6432234e-14, w: -1}
  - {x: 1, y: 1.6531222e-13, z: -8.265611e-14, w: -1}
  - {x: 0, y: 0, z: 1, w: -1}
  - {x: 0, y: 0, z: 1, w: -1}
  - {x: 0, y: 0, z: 1, w: -1}
  - {x: 0, y: 0, z: 1, w: -1}
  - {x: 0, y: 0, z: -1, w: -1}
  - {x: 0, y: 0, z: -1, w: -1}
  - {x: 0, y: 0, z: -1, w: -1}
  - {x: 0, y: 0, z: -1, w: -1}
  - {x: -1, y: 0, z: 0, w: -1}
  - {x: -1, y: 0, z: -2.755219e-14, w: -1}
  - {x: -1, y: 0, z: -2.755219e-14, w: -1}
  - {x: -1, y: 0, z: -5.510438e-14, w: -1}
  - {x: 1, y: 0.00000042978462, z: 0, w: -1}
  - {x: 1, y: 0.0000004533109, z: 0, w: -1}
  - {x: 1, y: 0.0000004533109, z: 0, w: -1}
  - {x: 1, y: 0.00000047683716, z: 0, w: -1}
  - {x: -1, y: 0, z: 0, w: -1}
  - {x: -1, y: 0, z: 0, w: -1}
  - {x: -1, y: 0, z: 0, w: -1}
  - {x: -1, y: 0, z: 0, w: -1}
  - {x: 0, y: 0, z: -1, w: -1}
  - {x: 0, y: 0, z: -1, w: -1}
  - {x: 0, y: 0, z: -1, w: -1}
  - {x: 0, y: 0, z: -1, w: -1}
  - {x: 1.0239174e-12, y: 5.119587e-13, z: 1, w: -1}
  - {x: 7.6793856e-13, y: 3.8396928e-13, z: 1, w: -1}
  - {x: 7.6793856e-13, y: 3.8396928e-13, z: 1, w: -1}
  - {x: 5.119597e-13, y: 2.5597986e-13, z: 1, w: -1}
  - {x: 1, y: 0, z: 0, w: -1}
  - {x: 1, y: 0, z: 0, w: -1}
  - {x: 1, y: 0, z: 0, w: -1}
  - {x: 1, y: 0, z: 0, w: -1}
  - {x: -0.70710665, y: -2.650309e-13, z: 0.70710695, w: -1}
  - {x: -0.70710665, y: -2.650309e-13, z: 0.70710695, w: -1}
  - {x: -0.70710665, y: -2.650309e-13, z: 0.70710695, w: -1}
  - {x: -0.70710665, y: 0, z: 0.7071069, w: -1}
  - {x: 1, y: 0.0000010143559, z: 0, w: -1}
  - {x: 1, y: 0.0000020415273, z: 0, w: -1}
  - {x: 1, y: 0.0000010519867, z: 0, w: -1}
  - {x: 1, y: 0.0000005007703, z: 0, w: -1}
  - {x: 1, y: 0.0000009390944, z: 0, w: -1}
  - {x: -0.77698505, y: -0.62951916, z: 0.0000013712652, w: -1}
  - {x: -0.77698505, y: -0.62951916, z: 0.0000013712652, w: -1}
  - {x: -0.77698505, y: -0.62951916, z: 0.0000013712652, w: -1}
  - {x: 1, y: 0, z: 0, w: -1}
  - {x: 1, y: 0, z: 0, w: -1}
  - {x: 1, y: 0, z: 0, w: -1}
  - {x: 1, y: 0, z: 0, w: -1}
  - {x: 1, y: 0, z: 0, w: -1}
  - {x: 1, y: 0, z: 0, w: -1}
  - {x: 1, y: -0.0000070563724, z: -0.00000022473482, w: -1}
  - {x: 1, y: -0.0000070563724, z: -0.00000022473482, w: -1}
  - {x: 1, y: -0.0000070563724, z: -0.00000022473482, w: -1}
  - {x: 1, y: -0.0000057049233, z: 0, w: -1}
  - {x: 1, y: -0.0000057049233, z: 0, w: -1}
  - {x: 1, y: -0.0000057049233, z: 0, w: -1}
  - {x: -0.7071068, y: 0, z: -0.7071068, w: -1}
  - {x: -0.7071068, y: 0, z: -0.7071068, w: -1}
  - {x: -0.7071068, y: 0, z: -0.7071068, w: -1}
  - {x: -0.7071068, y: 0, z: -0.7071068, w: -1}
  - {x: 1, y: -0.0000004234011, z: 0, w: -1}
  - {x: 1, y: -0.000000088111136, z: -1.5919588e-20, w: -1}
  - {x: 1, y: 0.0000009113837, z: 0, w: -1}
  - {x: 1, y: 0.0000015755886, z: 0, w: -1}
  - {x: 1, y: 0.00000046645542, z: -2.6379153e-21, w: -1}
  - {x: 1, y: -0.00000007395974, z: 0, w: -1}
  - {x: 1, y: 0.000000094848225, z: -5.0500557e-15, w: -1}
  - {x: 1, y: 0.00000013356319, z: -1.7183274e-22, w: -1}
  - {x: 1, y: 0.0000000826677, z: -7.575085e-15, w: -1}
  - {x: 1, y: -0.000000038715758, z: -5.0500557e-15, w: -1}
  - {x: 1, y: -0.00000026712877, z: 0, w: -1}
  - {x: -1, y: -0.000000036786346, z: 0.0000001312198, w: -1}
  - {x: -1, y: -0.0000000196163, z: 0.00000014527657, w: -1}
  - {x: -1, y: -0.00000005066521, z: 0.00000032054638, w: -1}
  - {x: -1, y: -0.0000000095808, z: 0.000000090455906, w: -1}
  - {x: -1, y: -0.000000060895815, z: 0.00000021182633, w: -1}
  - {x: -1, y: -0.0000001322818, z: 0.0000004428381, w: -1}
  - {x: 1, y: 0, z: 0, w: -1}
  - {x: 1, y: 0, z: 0, w: -1}
  - {x: 1, y: 0, z: 0, w: -1}
  - {x: 1, y: 0, z: 0, w: -1}
  - {x: 1, y: 0, z: 0, w: -1}
  - {x: 1, y: 0, z: 0, w: -1}
  - {x: 1, y: 0, z: 0, w: -1}
  - {x: 1, y: 0, z: 0, w: -1}
  - {x: 1, y: 0, z: 0, w: -1}
  - {x: 1, y: 0, z: 0, w: -1}
  - {x: 1, y: 0, z: 0, w: -1}
  - {x: 1, y: 0, z: 0, w: -1}
  - {x: -0.77698445, y: 0.6295198, z: 0.00000007211444, w: -1}
  - {x: -0.77698445, y: 0.6295198, z: 0.00000007211444, w: -1}
  - {x: -0.77698445, y: 0.6295198, z: 0.00000007211444, w: -1}
  - {x: 0.7071066, y: 0, z: -0.707107, w: -1}
  - {x: 0.7071066, y: 0, z: -0.707107, w: -1}
  - {x: 0.7071066, y: 0, z: -0.707107, w: -1}
  - {x: 0.7071066, y: 0, z: -0.707107, w: -1}
  - {x: 0.000000007065663, y: 0.000000055122285, z: -1, w: -1}
  - {x: -0.000000090334254, y: 0.00000001793976, z: -1, w: -1}
  - {x: 0.00000006396619, y: 0.0000001527878, z: -1, w: -1}
  - {x: -0.000000055281227, y: 0.000000047994057, z: -1, w: -1}
  - {x: -0.00000005346577, y: 0.000000017814967, z: -1, w: -1}
  - {x: 0.00000017457161, y: 0.00000015241336, z: -1, w: -1}
  - {x: 1, y: -0.00000040895586, z: -6.657183e-20, w: -1}
  - {x: 1, y: 0.00000032960637, z: 0, w: -1}
  - {x: 1, y: -0.000000033457027, z: -1.7045643e-20, w: -1}
  - {x: 1, y: -0.000000778237, z: 0, w: -1}
  - {x: 1, y: -0.0000011599535, z: 0, w: -1}
  - {x: 1, y: -0.00000013540428, z: 0, w: -1}
  - {x: 1, y: -0.0000011163175, z: 0, w: -1}
  - {x: 1, y: -0.0000022296758, z: 0, w: -1}
  - {x: 1, y: -0.0000018828836, z: 0, w: -1}
  - {x: 1, y: -0.0000016988106, z: 0, w: -1}
  - {x: 1, y: -0.0000003862423, z: 7.903301e-21, w: -1}
  - {x: -0.7769827, y: 0.62952197, z: -0.0000025795093, w: -1}
  - {x: -0.7769827, y: 0.62952197, z: -0.0000025795093, w: -1}
  - {x: -0.7769827, y: 0.62952197, z: -0.0000025795093, w: -1}
  - {x: 1, y: -0.0000076538945, z: 0, w: -1}
  - {x: 1, y: -0.0000076538945, z: 0, w: -1}
  - {x: 1, y: -0.0000076538945, z: 0, w: -1}
  - {x: 1, y: -0.000007883951, z: 0, w: -1}
  - {x: 1, y: -0.000007883951, z: 0, w: -1}
  - {x: 1, y: -0.000007883951, z: 0, w: -1}
  - {x: 1, y: 0, z: 0, w: -1}
  - {x: 1, y: 0, z: 0, w: -1}
  - {x: 1, y: 0, z: 0, w: -1}
  - {x: 1, y: -0.0000019568877, z: 0, w: -1}
  - {x: 1, y: -0.0000019568877, z: 0, w: -1}
  - {x: 1, y: -0.0000019568877, z: 0, w: -1}
  - {x: 0.7071061, y: 0, z: 0.7071075, w: -1}
  - {x: 0.7071061, y: 0, z: 0.7071075, w: -1}
  - {x: 0.7071061, y: 0, z: 0.7071075, w: -1}
  - {x: 0.7071061, y: 0, z: 0.7071075, w: -1}
  - {x: -0.00000037155215, y: 0.000000017624167, z: 1, w: -1}
  - {x: -0.0000005505209, y: -0.000000011395539, z: 1, w: -1}
  - {x: -0.00000029523883, y: 0.000000029148184, z: 1, w: -1}
  - {x: 0.00000020395481, y: 0.00000008972815, z: 1, w: -1}
  - {x: 0.00000055052186, y: 0.00000012726026, z: 1, w: -1}
  - {x: 0.000000071775396, y: 0.00000007536671, z: 1, w: -1}
  - {x: 1, y: 0.00000011015211, z: -0.0000003894909, w: -1}
  - {x: 1, y: -0.00000019104847, z: 0.0000005842366, w: -1}
  - {x: 1, y: -0.00000036621083, z: 0.0000011684732, w: -1}
  - {x: 1, y: -0.00000013398838, z: 0.00000038949108, w: -1}
  - {x: 1, y: 0.00000017317122, z: -0.0000005842364, w: -1}
  - {x: 1, y: 0.00000036621066, z: -0.0000011684727, w: -1}
  - {x: 1, y: -0.0000014935698, z: 4.4351492e-20, w: -1}
  - {x: 1, y: -0.0000010140557, z: 1.8268554e-20, w: -1}
  - {x: 1, y: -0.0000000608069, z: -4.7453437e-21, w: -1}
  - {x: 1, y: 0.00000041292785, z: -2.0934972e-20, w: -1}
  - {x: 1, y: -0.0000005383945, z: 2.0046166e-20, w: -1}
  - {x: 1, y: -0.00000022965352, z: 0, w: -1}
  - {x: 1, y: -0.000002233601, z: 0, w: -1}
  - {x: 1, y: -0.000003449824, z: 0, w: -1}
  - {x: 1, y: -0.0000031884506, z: 0, w: -1}
  - {x: 1, y: -0.0000011287948, z: 0, w: -1}
  - {x: 1, y: -0.00000013540482, z: -6.648809e-21, w: -1}
  - {x: 1, y: 0.00000042243843, z: 0, w: -1}
  - {x: 1, y: 0.000000309036, z: 0, w: -1}
  - {x: 1, y: 0.00000019533121, z: 0, w: -1}
  - {x: 1, y: 0.00000042243462, z: -2.0680967e-19, w: -1}
  - {x: 1, y: 0.00000030903473, z: 0, w: -1}
  - {x: 1, y: 0.00000047944013, z: 0, w: -1}
  - {x: -0.7769821, y: -0.62952274, z: 0.0000025953887, w: -1}
  - {x: -0.7769821, y: -0.62952274, z: 0.0000025953887, w: -1}
  - {x: -0.7769821, y: -0.62952274, z: 0.0000025953887, w: -1}
  - {x: 1, y: 0, z: 0, w: -1}
  - {x: 1, y: 0, z: 0, w: -1}
  - {x: 1, y: 0, z: 0, w: -1}
  - {x: 1, y: 0, z: 0, w: -1}
  - {x: 1, y: 0, z: 0, w: -1}
  - {x: 1, y: 0, z: 0, w: -1}
  - {x: 1, y: -0.0000037045415, z: 0, w: -1}
  - {x: 1, y: -0.0000037045415, z: 0, w: -1}
  - {x: 1, y: -0.0000037045415, z: 0, w: -1}
  - {x: 1, y: -0.000010745369, z: 0, w: -1}
  - {x: 1, y: -0.000010745369, z: 0, w: -1}
  - {x: 1, y: -0.000010745369, z: 0, w: -1}
  m_Colors:
  - {r: 0.105611615, g: 0.105611615, b: 0.105611615, a: 1}
  - {r: 0.105611615, g: 0.105611615, b: 0.105611615, a: 1}
  - {r: 0.105611615, g: 0.105611615, b: 0.105611615, a: 1}
  - {r: 0.105611615, g: 0.105611615, b: 0.105611615, a: 1}
  - {r: 0.105611615, g: 0.105611615, b: 0.105611615, a: 1}
  - {r: 0.105611615, g: 0.105611615, b: 0.105611615, a: 1}
  - {r: 0.105611615, g: 0.105611615, b: 0.105611615, a: 1}
  - {r: 0.105611615, g: 0.105611615, b: 0.105611615, a: 1}
  - {r: 0.105611615, g: 0.105611615, b: 0.105611615, a: 1}
  - {r: 0.105611615, g: 0.105611615, b: 0.105611615, a: 1}
  - {r: 0.105611615, g: 0.105611615, b: 0.105611615, a: 1}
  - {r: 0.105611615, g: 0.105611615, b: 0.105611615, a: 1}
  - {r: 0.105611615, g: 0.105611615, b: 0.105611615, a: 1}
  - {r: 0.105611615, g: 0.105611615, b: 0.105611615, a: 1}
  - {r: 0.105611615, g: 0.105611615, b: 0.105611615, a: 1}
  - {r: 0.105611615, g: 0.105611615, b: 0.105611615, a: 1}
  - {r: 0.105611615, g: 0.105611615, b: 0.105611615, a: 1}
  - {r: 0.105611615, g: 0.105611615, b: 0.105611615, a: 1}
  - {r: 0.105611615, g: 0.105611615, b: 0.105611615, a: 1}
  - {r: 0.105611615, g: 0.105611615, b: 0.105611615, a: 1}
  - {r: 0.105611615, g: 0.105611615, b: 0.105611615, a: 1}
  - {r: 0.105611615, g: 0.105611615, b: 0.105611615, a: 1}
  - {r: 0.105611615, g: 0.105611615, b: 0.105611615, a: 1}
  - {r: 0.105611615, g: 0.105611615, b: 0.105611615, a: 1}
  - {r: 0.105611615, g: 0.105611615, b: 0.105611615, a: 1}
  - {r: 0.105611615, g: 0.105611615, b: 0.105611615, a: 1}
  - {r: 0.105611615, g: 0.105611615, b: 0.105611615, a: 1}
  - {r: 0.105611615, g: 0.105611615, b: 0.105611615, a: 1}
  - {r: 0.105611615, g: 0.105611615, b: 0.105611615, a: 1}
  - {r: 0.105611615, g: 0.105611615, b: 0.105611615, a: 1}
  - {r: 0.105611615, g: 0.105611615, b: 0.105611615, a: 1}
  - {r: 0.105611615, g: 0.105611615, b: 0.105611615, a: 1}
  - {r: 0.105611615, g: 0.105611615, b: 0.105611615, a: 1}
  - {r: 0.105611615, g: 0.105611615, b: 0.105611615, a: 1}
  - {r: 0.105611615, g: 0.105611615, b: 0.105611615, a: 1}
  - {r: 0.105611615, g: 0.105611615, b: 0.105611615, a: 1}
  - {r: 0.105611615, g: 0.105611615, b: 0.105611615, a: 1}
  - {r: 0.105611615, g: 0.105611615, b: 0.105611615, a: 1}
  - {r: 0.105611615, g: 0.105611615, b: 0.105611615, a: 1}
  - {r: 0.105611615, g: 0.105611615, b: 0.105611615, a: 1}
  - {r: 0.105611615, g: 0.105611615, b: 0.105611615, a: 1}
  - {r: 0.105611615, g: 0.105611615, b: 0.105611615, a: 1}
  - {r: 0.105611615, g: 0.105611615, b: 0.105611615, a: 1}
  - {r: 0.105611615, g: 0.105611615, b: 0.105611615, a: 1}
  - {r: 0.105611615, g: 0.105611615, b: 0.105611615, a: 1}
  - {r: 0.105611615, g: 0.105611615, b: 0.105611615, a: 1}
  - {r: 0.105611615, g: 0.105611615, b: 0.105611615, a: 1}
  - {r: 0.105611615, g: 0.105611615, b: 0.105611615, a: 1}
  - {r: 0.105611615, g: 0.105611615, b: 0.105611615, a: 1}
  - {r: 0.105611615, g: 0.105611615, b: 0.105611615, a: 1}
  - {r: 0.105611615, g: 0.105611615, b: 0.105611615, a: 1}
  - {r: 0.105611615, g: 0.105611615, b: 0.105611615, a: 1}
  - {r: 0.105611615, g: 0.105611615, b: 0.105611615, a: 1}
  - {r: 0.105611615, g: 0.105611615, b: 0.105611615, a: 1}
  - {r: 0.105611615, g: 0.105611615, b: 0.105611615, a: 1}
  - {r: 0.105611615, g: 0.105611615, b: 0.105611615, a: 1}
  - {r: 0.105611615, g: 0.105611615, b: 0.105611615, a: 1}
  - {r: 0.105611615, g: 0.105611615, b: 0.105611615, a: 1}
  - {r: 0.105611615, g: 0.105611615, b: 0.105611615, a: 1}
  - {r: 0.105611615, g: 0.105611615, b: 0.105611615, a: 1}
  - {r: 0.105611615, g: 0.105611615, b: 0.105611615, a: 1}
  - {r: 0.105611615, g: 0.105611615, b: 0.105611615, a: 1}
  - {r: 0.105611615, g: 0.105611615, b: 0.105611615, a: 1}
  - {r: 0.105611615, g: 0.105611615, b: 0.105611615, a: 1}
  - {r: 0.105611615, g: 0.105611615, b: 0.105611615, a: 1}
  - {r: 0.105611615, g: 0.105611615, b: 0.105611615, a: 1}
  - {r: 0.105611615, g: 0.105611615, b: 0.105611615, a: 1}
  - {r: 0.105611615, g: 0.105611615, b: 0.105611615, a: 1}
  - {r: 0.105611615, g: 0.105611615, b: 0.105611615, a: 1}
  - {r: 0.105611615, g: 0.105611615, b: 0.105611615, a: 1}
  - {r: 0.105611615, g: 0.105611615, b: 0.105611615, a: 1}
  - {r: 0.105611615, g: 0.105611615, b: 0.105611615, a: 1}
  - {r: 0.105611615, g: 0.105611615, b: 0.105611615, a: 1}
  - {r: 0.105611615, g: 0.105611615, b: 0.105611615, a: 1}
  - {r: 0.105611615, g: 0.105611615, b: 0.105611615, a: 1}
  - {r: 0.105611615, g: 0.105611615, b: 0.105611615, a: 1}
  - {r: 0.105611615, g: 0.105611615, b: 0.105611615, a: 1}
  - {r: 0.105611615, g: 0.105611615, b: 0.105611615, a: 1}
  - {r: 0.105611615, g: 0.105611615, b: 0.105611615, a: 1}
  - {r: 0.105611615, g: 0.105611615, b: 0.105611615, a: 1}
  - {r: 0.105611615, g: 0.105611615, b: 0.105611615, a: 1}
  - {r: 0.105611615, g: 0.105611615, b: 0.105611615, a: 1}
  - {r: 0.105611615, g: 0.105611615, b: 0.105611615, a: 1}
  - {r: 0.105611615, g: 0.105611615, b: 0.105611615, a: 1}
  - {r: 0.105611615, g: 0.105611615, b: 0.105611615, a: 1}
  - {r: 0.105611615, g: 0.105611615, b: 0.105611615, a: 1}
  - {r: 0.105611615, g: 0.105611615, b: 0.105611615, a: 1}
  - {r: 0.105611615, g: 0.105611615, b: 0.105611615, a: 1}
  - {r: 0.105611615, g: 0.105611615, b: 0.105611615, a: 1}
  - {r: 0.105611615, g: 0.105611615, b: 0.105611615, a: 1}
  - {r: 0.105611615, g: 0.105611615, b: 0.105611615, a: 1}
  - {r: 0.105611615, g: 0.105611615, b: 0.105611615, a: 1}
  - {r: 0.105611615, g: 0.105611615, b: 0.105611615, a: 1}
  - {r: 0.105611615, g: 0.105611615, b: 0.105611615, a: 1}
  - {r: 0.105611615, g: 0.105611615, b: 0.105611615, a: 1}
  - {r: 0.105611615, g: 0.105611615, b: 0.105611615, a: 1}
  - {r: 0.105611615, g: 0.105611615, b: 0.105611615, a: 1}
  - {r: 0.105611615, g: 0.105611615, b: 0.105611615, a: 1}
  - {r: 0.105611615, g: 0.105611615, b: 0.105611615, a: 1}
  - {r: 0.105611615, g: 0.105611615, b: 0.105611615, a: 1}
  - {r: 0.105611615, g: 0.105611615, b: 0.105611615, a: 1}
  - {r: 0.105611615, g: 0.105611615, b: 0.105611615, a: 1}
  - {r: 0.105611615, g: 0.105611615, b: 0.105611615, a: 1}
  - {r: 0.105611615, g: 0.105611615, b: 0.105611615, a: 1}
  - {r: 0.105611615, g: 0.105611615, b: 0.105611615, a: 1}
  - {r: 0.105611615, g: 0.105611615, b: 0.105611615, a: 1}
  - {r: 0.105611615, g: 0.105611615, b: 0.105611615, a: 1}
  - {r: 0.105611615, g: 0.105611615, b: 0.105611615, a: 1}
  - {r: 0.105611615, g: 0.105611615, b: 0.105611615, a: 1}
  - {r: 0.105611615, g: 0.105611615, b: 0.105611615, a: 1}
  - {r: 0.105611615, g: 0.105611615, b: 0.105611615, a: 1}
  - {r: 0.105611615, g: 0.105611615, b: 0.105611615, a: 1}
  - {r: 0.105611615, g: 0.105611615, b: 0.105611615, a: 1}
  - {r: 0.105611615, g: 0.105611615, b: 0.105611615, a: 1}
  - {r: 0.105611615, g: 0.105611615, b: 0.105611615, a: 1}
  - {r: 0.105611615, g: 0.105611615, b: 0.105611615, a: 1}
  - {r: 0.105611615, g: 0.105611615, b: 0.105611615, a: 1}
  - {r: 0.105611615, g: 0.105611615, b: 0.105611615, a: 1}
  - {r: 0.105611615, g: 0.105611615, b: 0.105611615, a: 1}
  - {r: 0.105611615, g: 0.105611615, b: 0.105611615, a: 1}
  - {r: 0.105611615, g: 0.105611615, b: 0.105611615, a: 1}
  - {r: 0.105611615, g: 0.105611615, b: 0.105611615, a: 1}
  - {r: 0.105611615, g: 0.105611615, b: 0.105611615, a: 1}
  - {r: 0.105611615, g: 0.105611615, b: 0.105611615, a: 1}
  - {r: 0.105611615, g: 0.105611615, b: 0.105611615, a: 1}
  - {r: 0.105611615, g: 0.105611615, b: 0.105611615, a: 1}
  - {r: 0.105611615, g: 0.105611615, b: 0.105611615, a: 1}
  - {r: 0.105611615, g: 0.105611615, b: 0.105611615, a: 1}
  - {r: 0.105611615, g: 0.105611615, b: 0.105611615, a: 1}
  - {r: 0.105611615, g: 0.105611615, b: 0.105611615, a: 1}
  - {r: 0.105611615, g: 0.105611615, b: 0.105611615, a: 1}
  - {r: 0.105611615, g: 0.105611615, b: 0.105611615, a: 1}
  - {r: 0.105611615, g: 0.105611615, b: 0.105611615, a: 1}
  - {r: 0.105611615, g: 0.105611615, b: 0.105611615, a: 1}
  - {r: 0.105611615, g: 0.105611615, b: 0.105611615, a: 1}
  - {r: 0.105611615, g: 0.105611615, b: 0.105611615, a: 1}
  - {r: 0.105611615, g: 0.105611615, b: 0.105611615, a: 1}
  - {r: 0.105611615, g: 0.105611615, b: 0.105611615, a: 1}
  - {r: 0.105611615, g: 0.105611615, b: 0.105611615, a: 1}
  - {r: 0.105611615, g: 0.105611615, b: 0.105611615, a: 1}
  - {r: 0.105611615, g: 0.105611615, b: 0.105611615, a: 1}
  - {r: 0.105611615, g: 0.105611615, b: 0.105611615, a: 1}
  - {r: 0.105611615, g: 0.105611615, b: 0.105611615, a: 1}
  - {r: 0.105611615, g: 0.105611615, b: 0.105611615, a: 1}
  - {r: 0.105611615, g: 0.105611615, b: 0.105611615, a: 1}
  - {r: 0.105611615, g: 0.105611615, b: 0.105611615, a: 1}
  - {r: 0.105611615, g: 0.105611615, b: 0.105611615, a: 1}
  - {r: 0.105611615, g: 0.105611615, b: 0.105611615, a: 1}
  - {r: 0.105611615, g: 0.105611615, b: 0.105611615, a: 1}
  - {r: 0.105611615, g: 0.105611615, b: 0.105611615, a: 1}
  - {r: 0.105611615, g: 0.105611615, b: 0.105611615, a: 1}
  - {r: 0.105611615, g: 0.105611615, b: 0.105611615, a: 1}
  - {r: 0.105611615, g: 0.105611615, b: 0.105611615, a: 1}
  - {r: 0.105611615, g: 0.105611615, b: 0.105611615, a: 1}
  - {r: 0.105611615, g: 0.105611615, b: 0.105611615, a: 1}
  - {r: 0.105611615, g: 0.105611615, b: 0.105611615, a: 1}
  - {r: 0.105611615, g: 0.105611615, b: 0.105611615, a: 1}
  - {r: 0.105611615, g: 0.105611615, b: 0.105611615, a: 1}
  - {r: 0.105611615, g: 0.105611615, b: 0.105611615, a: 1}
  - {r: 0.105611615, g: 0.105611615, b: 0.105611615, a: 1}
  - {r: 0.105611615, g: 0.105611615, b: 0.105611615, a: 1}
  - {r: 0.105611615, g: 0.105611615, b: 0.105611615, a: 1}
  - {r: 0.105611615, g: 0.105611615, b: 0.105611615, a: 1}
  - {r: 0.105611615, g: 0.105611615, b: 0.105611615, a: 1}
  - {r: 0.105611615, g: 0.105611615, b: 0.105611615, a: 1}
  - {r: 0.105611615, g: 0.105611615, b: 0.105611615, a: 1}
  - {r: 0.105611615, g: 0.105611615, b: 0.105611615, a: 1}
  - {r: 0.105611615, g: 0.105611615, b: 0.105611615, a: 1}
  - {r: 0.105611615, g: 0.105611615, b: 0.105611615, a: 1}
  - {r: 0.105611615, g: 0.105611615, b: 0.105611615, a: 1}
  - {r: 0.105611615, g: 0.105611615, b: 0.105611615, a: 1}
  - {r: 0.105611615, g: 0.105611615, b: 0.105611615, a: 1}
  - {r: 0.105611615, g: 0.105611615, b: 0.105611615, a: 1}
  - {r: 0.105611615, g: 0.105611615, b: 0.105611615, a: 1}
  - {r: 0.105611615, g: 0.105611615, b: 0.105611615, a: 1}
  - {r: 0.105611615, g: 0.105611615, b: 0.105611615, a: 1}
  - {r: 0.105611615, g: 0.105611615, b: 0.105611615, a: 1}
  - {r: 0.105611615, g: 0.105611615, b: 0.105611615, a: 1}
  - {r: 0.105611615, g: 0.105611615, b: 0.105611615, a: 1}
  - {r: 0.105611615, g: 0.105611615, b: 0.105611615, a: 1}
  - {r: 0.105611615, g: 0.105611615, b: 0.105611615, a: 1}
  - {r: 0.105611615, g: 0.105611615, b: 0.105611615, a: 1}
  - {r: 0.105611615, g: 0.105611615, b: 0.105611615, a: 1}
  - {r: 0.105611615, g: 0.105611615, b: 0.105611615, a: 1}
  - {r: 0.105611615, g: 0.105611615, b: 0.105611615, a: 1}
  - {r: 0.105611615, g: 0.105611615, b: 0.105611615, a: 1}
  - {r: 0.105611615, g: 0.105611615, b: 0.105611615, a: 1}
  - {r: 0.105611615, g: 0.105611615, b: 0.105611615, a: 1}
  - {r: 0.105611615, g: 0.105611615, b: 0.105611615, a: 1}
  - {r: 0.105611615, g: 0.105611615, b: 0.105611615, a: 1}
  - {r: 0.105611615, g: 0.105611615, b: 0.105611615, a: 1}
  - {r: 0.105611615, g: 0.105611615, b: 0.105611615, a: 1}
  - {r: 0.105611615, g: 0.105611615, b: 0.105611615, a: 1}
  - {r: 0.105611615, g: 0.105611615, b: 0.105611615, a: 1}
  - {r: 0.105611615, g: 0.105611615, b: 0.105611615, a: 1}
  - {r: 0.105611615, g: 0.105611615, b: 0.105611615, a: 1}
  - {r: 0.105611615, g: 0.105611615, b: 0.105611615, a: 1}
  - {r: 0.105611615, g: 0.105611615, b: 0.105611615, a: 1}
  - {r: 0.105611615, g: 0.105611615, b: 0.105611615, a: 1}
  - {r: 0.105611615, g: 0.105611615, b: 0.105611615, a: 1}
  - {r: 0.105611615, g: 0.105611615, b: 0.105611615, a: 1}
  - {r: 0.105611615, g: 0.105611615, b: 0.105611615, a: 1}
  - {r: 0.105611615, g: 0.105611615, b: 0.105611615, a: 1}
  - {r: 0.105611615, g: 0.105611615, b: 0.105611615, a: 1}
  - {r: 0.105611615, g: 0.105611615, b: 0.105611615, a: 1}
  - {r: 0.105611615, g: 0.105611615, b: 0.105611615, a: 1}
  - {r: 0.105611615, g: 0.105611615, b: 0.105611615, a: 1}
  - {r: 0.105611615, g: 0.105611615, b: 0.105611615, a: 1}
  - {r: 0.105611615, g: 0.105611615, b: 0.105611615, a: 1}
  - {r: 0.105611615, g: 0.105611615, b: 0.105611615, a: 1}
  - {r: 0.105611615, g: 0.105611615, b: 0.105611615, a: 1}
  - {r: 0.105611615, g: 0.105611615, b: 0.105611615, a: 1}
  - {r: 0.105611615, g: 0.105611615, b: 0.105611615, a: 1}
  - {r: 0.105611615, g: 0.105611615, b: 0.105611615, a: 1}
  - {r: 0.105611615, g: 0.105611615, b: 0.105611615, a: 1}
  - {r: 0.105611615, g: 0.105611615, b: 0.105611615, a: 1}
  - {r: 0.105611615, g: 0.105611615, b: 0.105611615, a: 1}
  - {r: 0.105611615, g: 0.105611615, b: 0.105611615, a: 1}
  - {r: 0.105611615, g: 0.105611615, b: 0.105611615, a: 1}
  - {r: 0.105611615, g: 0.105611615, b: 0.105611615, a: 1}
  - {r: 0.105611615, g: 0.105611615, b: 0.105611615, a: 1}
  - {r: 0.105611615, g: 0.105611615, b: 0.105611615, a: 1}
  - {r: 0.105611615, g: 0.105611615, b: 0.105611615, a: 1}
  - {r: 0.105611615, g: 0.105611615, b: 0.105611615, a: 1}
  - {r: 0.105611615, g: 0.105611615, b: 0.105611615, a: 1}
  - {r: 0.105611615, g: 0.105611615, b: 0.105611615, a: 1}
  - {r: 0.105611615, g: 0.105611615, b: 0.105611615, a: 1}
  - {r: 0.105611615, g: 0.105611615, b: 0.105611615, a: 1}
  m_UnwrapParameters:
    m_HardAngle: 88
    m_PackMargin: 20
    m_AngleError: 8
    m_AreaError: 15
  m_PreserveMeshAssetOnDestroy: 0
  assetGuid: 
  m_Mesh: {fileID: 0}
  m_VersionIndex: 7300
  m_IsSelectable: 1
  m_SelectedFaces: 
  m_SelectedEdges: []
  m_SelectedVertices: 
--- !u!114 &7482727405394984578
MonoBehaviour:
  m_ObjectHideFlags: 0
  m_CorrespondingSourceObject: {fileID: 0}
  m_PrefabInstance: {fileID: 0}
  m_PrefabAsset: {fileID: 0}
  m_GameObject: {fileID: 1171866960703741913}
  m_Enabled: 1
  m_EditorHideFlags: 0
  m_Script: {fileID: 11500000, guid: 1ca002da428252441b92f28d83c8a65f, type: 3}
  m_Name: 
  m_EditorClassIdentifier: 
  m_Shape:
    rid: 4807841600252149800
  m_Size: {x: 4, y: 1.5, z: -8}
  m_Rotation: {x: 0, y: 0, z: 0, w: 1}
  m_PivotLocation: 1
  m_PivotPosition: {x: 0, y: 0, z: 0}
  m_UnmodifiedMeshVersion: 4745
  m_ShapeBox:
    m_Center: {x: 1.9999995, y: 0.75, z: -3.9999995}
    m_Extent: {x: 2, y: 0.75, z: 4}
  references:
    version: 2
    RefIds:
    - rid: 4807841600252149800
      type: {class: Cube, ns: UnityEngine.ProBuilder.Shapes, asm: Unity.ProBuilder}
--- !u!23 &1133875339167271372
MeshRenderer:
  m_ObjectHideFlags: 0
  m_CorrespondingSourceObject: {fileID: 0}
  m_PrefabInstance: {fileID: 0}
  m_PrefabAsset: {fileID: 0}
  m_GameObject: {fileID: 1171866960703741913}
  m_Enabled: 1
  m_CastShadows: 1
  m_ReceiveShadows: 1
  m_DynamicOccludee: 1
  m_StaticShadowCaster: 1
  m_MotionVectors: 1
  m_LightProbeUsage: 1
  m_ReflectionProbeUsage: 1
  m_RayTracingMode: 2
  m_RayTraceProcedural: 0
  m_RenderingLayerMask: 1
  m_RendererPriority: 0
  m_Materials:
  - {fileID: 2100000, guid: caca50c960c6a3a49841c0d624f4cd3b, type: 2}
  - {fileID: 2100000, guid: b1bc5bf8841506e4dba7a0e282a2ed21, type: 2}
  m_StaticBatchInfo:
    firstSubMesh: 0
    subMeshCount: 0
  m_StaticBatchRoot: {fileID: 0}
  m_ProbeAnchor: {fileID: 0}
  m_LightProbeVolumeOverride: {fileID: 0}
  m_ScaleInLightmap: 1
  m_ReceiveGI: 1
  m_PreserveUVs: 0
  m_IgnoreNormalsForChartDetection: 0
  m_ImportantGI: 0
  m_StitchLightmapSeams: 1
  m_SelectedEditorRenderState: 2
  m_MinimumChartSize: 4
  m_AutoUVMaxDistance: 0.5
  m_AutoUVMaxAngle: 89
  m_LightmapParameters: {fileID: 0}
  m_SortingLayerID: 0
  m_SortingLayer: 0
  m_SortingOrder: 0
  m_AdditionalVertexStreams: {fileID: 0}
--- !u!33 &9083649100421611372
MeshFilter:
  m_ObjectHideFlags: 0
  m_CorrespondingSourceObject: {fileID: 0}
  m_PrefabInstance: {fileID: 0}
  m_PrefabAsset: {fileID: 0}
  m_GameObject: {fileID: 1171866960703741913}
  m_Mesh: {fileID: 0}
--- !u!64 &527946799677842149
MeshCollider:
  m_ObjectHideFlags: 0
  m_CorrespondingSourceObject: {fileID: 0}
  m_PrefabInstance: {fileID: 0}
  m_PrefabAsset: {fileID: 0}
  m_GameObject: {fileID: 1171866960703741913}
  m_Material: {fileID: 0}
  m_IsTrigger: 0
  m_Enabled: 1
  serializedVersion: 4
  m_Convex: 0
  m_CookingOptions: 30
  m_Mesh: {fileID: 0}
