%YAML 1.1
%TAG !u! tag:unity3d.com,2011:
--- !u!1 &1173682604
GameObject:
  m_ObjectHideFlags: 0
  m_CorrespondingSourceObject: {fileID: 0}
  m_PrefabInstance: {fileID: 0}
  m_PrefabAsset: {fileID: 0}
  serializedVersion: 6
  m_Component:
  - component: {fileID: 1173682605}
  - component: {fileID: 1173682607}
  - component: {fileID: 1173682606}
  m_Layer: 0
  m_Name: Point Light
  m_TagString: Untagged
  m_Icon: {fileID: 0}
  m_NavMeshLayer: 0
  m_StaticEditorFlags: 0
  m_IsActive: 1
--- !u!4 &1173682605
Transform:
  m_ObjectHideFlags: 0
  m_CorrespondingSourceObject: {fileID: 0}
  m_PrefabInstance: {fileID: 0}
  m_PrefabAsset: {fileID: 0}
  m_GameObject: {fileID: 1173682604}
  m_LocalRotation: {x: -0.5, y: -0.5, z: -0.5, w: 0.5}
  m_LocalPosition: {x: -0.22882128, y: 0.99186516, z: -0.75}
  m_LocalScale: {x: 1, y: 1, z: 1}
  m_ConstrainProportionsScale: 0
  m_Children: []
  m_Father: {fileID: 7346053929139175516}
  m_RootOrder: 2
  m_LocalEulerAnglesHint: {x: 0, y: 0, z: 0}
--- !u!108 &1173682607
Light:
  m_ObjectHideFlags: 0
  m_CorrespondingSourceObject: {fileID: 0}
  m_PrefabInstance: {fileID: 0}
  m_PrefabAsset: {fileID: 0}
  m_GameObject: {fileID: 1173682604}
  m_Enabled: 1
  serializedVersion: 10
  m_Type: 2
  m_Shape: 0
  m_Color: {r: 1, g: 1, b: 1, a: 1}
  m_Intensity: 0.2
  m_Range: 10
  m_SpotAngle: 30
  m_InnerSpotAngle: 21.80208
  m_CookieSize: 10
  m_Shadows:
    m_Type: 0
    m_Resolution: -1
    m_CustomResolution: -1
    m_Strength: 1
    m_Bias: 0.05
    m_NormalBias: 0.4
    m_NearPlane: 0.2
    m_CullingMatrixOverride:
      e00: 1
      e01: 0
      e02: 0
      e03: 0
      e10: 0
      e11: 1
      e12: 0
      e13: 0
      e20: 0
      e21: 0
      e22: 1
      e23: 0
      e30: 0
      e31: 0
      e32: 0
      e33: 1
    m_UseCullingMatrixOverride: 0
  m_Cookie: {fileID: 0}
  m_DrawHalo: 0
  m_Flare: {fileID: 0}
  m_RenderMode: 0
  m_CullingMask:
    serializedVersion: 2
    m_Bits: 4294967295
  m_RenderingLayerMask: 1
  m_Lightmapping: 4
  m_LightShadowCasterMode: 0
  m_AreaSize: {x: 1, y: 1}
  m_BounceIntensity: 0
  m_ColorTemperature: 6570
  m_UseColorTemperature: 0
  m_BoundingSphereOverride: {x: 0, y: 0, z: 0, w: 0}
  m_UseBoundingSphereOverride: 0
  m_UseViewFrustumForShadowCasterCull: 1
  m_ShadowRadius: 0
  m_ShadowAngle: 0
--- !u!114 &1173682606
MonoBehaviour:
  m_ObjectHideFlags: 0
  m_CorrespondingSourceObject: {fileID: 0}
  m_PrefabInstance: {fileID: 0}
  m_PrefabAsset: {fileID: 0}
  m_GameObject: {fileID: 1173682604}
  m_Enabled: 1
  m_EditorHideFlags: 0
  m_Script: {fileID: 11500000, guid: 474bcb49853aa07438625e644c072ee6, type: 3}
  m_Name: 
  m_EditorClassIdentifier: 
  m_Version: 1
  m_UsePipelineSettings: 1
  m_AdditionalLightsShadowResolutionTier: 2
  m_LightLayerMask: 1
  m_CustomShadowLayers: 0
  m_ShadowLayerMask: 1
  m_LightCookieSize: {x: 1, y: 1}
  m_LightCookieOffset: {x: 0, y: 0}
--- !u!1 &557139732635083894
GameObject:
  m_ObjectHideFlags: 0
  m_CorrespondingSourceObject: {fileID: 0}
  m_PrefabInstance: {fileID: 0}
  m_PrefabAsset: {fileID: 0}
  serializedVersion: 6
  m_Component:
  - component: {fileID: 8635707183735856523}
  m_Layer: 0
  m_Name: SpawnPoint
  m_TagString: Untagged
  m_Icon: {fileID: 0}
  m_NavMeshLayer: 0
  m_StaticEditorFlags: 2147483647
  m_IsActive: 1
--- !u!4 &8635707183735856523
Transform:
  m_ObjectHideFlags: 0
  m_CorrespondingSourceObject: {fileID: 0}
  m_PrefabInstance: {fileID: 0}
  m_PrefabAsset: {fileID: 0}
  m_GameObject: {fileID: 557139732635083894}
  m_LocalRotation: {x: 0, y: 0, z: 0, w: 1}
  m_LocalPosition: {x: -0.3, y: 0.90000004, z: -0.8000002}
  m_LocalScale: {x: 1, y: 1, z: 1}
  m_ConstrainProportionsScale: 0
  m_Children: []
  m_Father: {fileID: 7346053929139175516}
  m_RootOrder: 0
  m_LocalEulerAnglesHint: {x: 0, y: 0, z: 0}
--- !u!1 &3175101413383966806
GameObject:
  m_ObjectHideFlags: 0
  m_CorrespondingSourceObject: {fileID: 0}
  m_PrefabInstance: {fileID: 0}
  m_PrefabAsset: {fileID: 0}
  serializedVersion: 6
  m_Component:
  - component: {fileID: 1624162345467261161}
  - component: {fileID: 7374247560145387177}
  - component: {fileID: 2554701395630342301}
  - component: {fileID: 1945863456101783999}
  m_Layer: 0
  m_Name: BuyButton
  m_TagString: Interactable
  m_Icon: {fileID: 0}
  m_NavMeshLayer: 0
  m_StaticEditorFlags: 2147483647
  m_IsActive: 1
--- !u!4 &1624162345467261161
Transform:
  m_ObjectHideFlags: 0
  m_CorrespondingSourceObject: {fileID: 0}
  m_PrefabInstance: {fileID: 0}
  m_PrefabAsset: {fileID: 0}
  m_GameObject: {fileID: 3175101413383966806}
  m_LocalRotation: {x: 0, y: 0, z: 0, w: 1}
  m_LocalPosition: {x: -0.156, y: 1.3000002, z: -1.29}
  m_LocalScale: {x: 0.2, y: 0.2, z: 0.3}
  m_ConstrainProportionsScale: 0
  m_Children: []
  m_Father: {fileID: 7346053929139175516}
  m_RootOrder: 1
  m_LocalEulerAnglesHint: {x: 0, y: 0, z: 0}
--- !u!33 &7374247560145387177
MeshFilter:
  m_ObjectHideFlags: 0
  m_CorrespondingSourceObject: {fileID: 0}
  m_PrefabInstance: {fileID: 0}
  m_PrefabAsset: {fileID: 0}
  m_GameObject: {fileID: 3175101413383966806}
  m_Mesh: {fileID: 10202, guid: 0000000000000000e000000000000000, type: 0}
--- !u!65 &2554701395630342301
BoxCollider:
  m_ObjectHideFlags: 0
  m_CorrespondingSourceObject: {fileID: 0}
  m_PrefabInstance: {fileID: 0}
  m_PrefabAsset: {fileID: 0}
  m_GameObject: {fileID: 3175101413383966806}
  m_Material: {fileID: 0}
  m_IsTrigger: 1
  m_Enabled: 1
  serializedVersion: 2
  m_Size: {x: 1, y: 1, z: 1}
  m_Center: {x: 0, y: 0, z: 0}
--- !u!114 &1945863456101783999
MonoBehaviour:
  m_ObjectHideFlags: 0
  m_CorrespondingSourceObject: {fileID: 0}
  m_PrefabInstance: {fileID: 0}
  m_PrefabAsset: {fileID: 0}
  m_GameObject: {fileID: 3175101413383966806}
  m_Enabled: 1
  m_EditorHideFlags: 0
  m_Script: {fileID: 11500000, guid: 1cd020f3bba3faa4799a9789590c29e1, type: 3}
  m_Name: 
  m_EditorClassIdentifier: 
  SpawnPoint: {fileID: 8635707183735856523}
  CanPrefabs: {fileID: 7400813010734787356, guid: 70f8b0bcefbe1a646b86732a24ba9039,
    type: 3}
--- !u!1 &7346053929139175494
GameObject:
  m_ObjectHideFlags: 0
  m_CorrespondingSourceObject: {fileID: 0}
  m_PrefabInstance: {fileID: 0}
  m_PrefabAsset: {fileID: 0}
  serializedVersion: 6
  m_Component:
  - component: {fileID: 7346053929139175516}
  - component: {fileID: 7346053929139175515}
  - component: {fileID: 7346053929139175514}
  - component: {fileID: 7346053929139175513}
  - component: {fileID: 7346053929139175512}
  - component: {fileID: 7346053929139175495}
  m_Layer: 0
  m_Name: VendingMachine
  m_TagString: Untagged
  m_Icon: {fileID: 0}
  m_NavMeshLayer: 0
  m_StaticEditorFlags: 2147483647
  m_IsActive: 1
--- !u!4 &7346053929139175516
Transform:
  m_ObjectHideFlags: 0
  m_CorrespondingSourceObject: {fileID: 0}
  m_PrefabInstance: {fileID: 0}
  m_PrefabAsset: {fileID: 0}
  m_GameObject: {fileID: 7346053929139175494}
  m_LocalRotation: {x: 0.5, y: 0.5, z: 0.5, w: 0.5}
  m_LocalPosition: {x: -7, y: 1, z: 0.5}
  m_LocalScale: {x: 1, y: 1, z: 1}
  m_ConstrainProportionsScale: 0
  m_Children:
  - {fileID: 8635707183735856523}
  - {fileID: 1624162345467261161}
  - {fileID: 1173682605}
  m_Father: {fileID: 0}
  m_RootOrder: 0
  m_LocalEulerAnglesHint: {x: 0, y: 90, z: 90}
--- !u!114 &7346053929139175515
MonoBehaviour:
  m_ObjectHideFlags: 0
  m_CorrespondingSourceObject: {fileID: 0}
  m_PrefabInstance: {fileID: 0}
  m_PrefabAsset: {fileID: 0}
  m_GameObject: {fileID: 7346053929139175494}
  m_Enabled: 1
  m_EditorHideFlags: 0
  m_Script: {fileID: 11500000, guid: 8233d90336aea43098adf6dbabd606a2, type: 3}
  m_Name: 
  m_EditorClassIdentifier: 
  m_MeshFormatVersion: 2
  m_Faces:
  - m_Indexes: 000000000100000002000000030000000000000002000000
    m_SmoothingGroup: 0
    m_Uv:
      m_UseWorldSpace: 0
      m_FlipU: 0
      m_FlipV: 0
      m_SwapUV: 0
      m_Fill: 1
      m_Scale: {x: 1, y: 1}
      m_Offset: {x: -0, y: -0}
      m_Rotation: 0
      m_Anchor: 9
    m_Material: {fileID: 2100000, guid: 31321ba15b8f8eb4c954353edc038b1d, type: 2}
    m_SubmeshIndex: 0
    m_ManualUV: 0
    elementGroup: -1
    m_TextureGroup: -1
  - m_Indexes: 070000000500000006000000070000000400000005000000
    m_SmoothingGroup: 0
    m_Uv:
      m_UseWorldSpace: 0
      m_FlipU: 0
      m_FlipV: 0
      m_SwapUV: 0
      m_Fill: 1
      m_Scale: {x: 1, y: 1}
      m_Offset: {x: -0, y: -0}
      m_Rotation: 0
      m_Anchor: 9
    m_Material: {fileID: 2100000, guid: 31321ba15b8f8eb4c954353edc038b1d, type: 2}
    m_SubmeshIndex: 0
    m_ManualUV: 0
    elementGroup: -1
    m_TextureGroup: -1
  - m_Indexes: 08000000090000000a0000000b000000080000000a000000
    m_SmoothingGroup: 0
    m_Uv:
      m_UseWorldSpace: 0
      m_FlipU: 0
      m_FlipV: 0
      m_SwapUV: 0
      m_Fill: 1
      m_Scale: {x: 1, y: 1}
      m_Offset: {x: -0, y: -0}
      m_Rotation: 0
      m_Anchor: 9
    m_Material: {fileID: 2100000, guid: 31321ba15b8f8eb4c954353edc038b1d, type: 2}
    m_SubmeshIndex: 0
    m_ManualUV: 0
    elementGroup: -1
    m_TextureGroup: -1
  - m_Indexes: 0c0000000d0000000e0000000f0000000c0000000e000000
    m_SmoothingGroup: 0
    m_Uv:
      m_UseWorldSpace: 0
      m_FlipU: 0
      m_FlipV: 0
      m_SwapUV: 0
      m_Fill: 1
      m_Scale: {x: 1, y: 1}
      m_Offset: {x: -0, y: -0}
      m_Rotation: 0
      m_Anchor: 9
    m_Material: {fileID: 2100000, guid: 31321ba15b8f8eb4c954353edc038b1d, type: 2}
    m_SubmeshIndex: 0
    m_ManualUV: 0
    elementGroup: -1
    m_TextureGroup: -1
  - m_Indexes: 120000001000000011000000120000001300000010000000
    m_SmoothingGroup: 0
    m_Uv:
      m_UseWorldSpace: 0
      m_FlipU: 0
      m_FlipV: 0
      m_SwapUV: 0
      m_Fill: 1
      m_Scale: {x: 1, y: 1}
      m_Offset: {x: -0, y: -0}
      m_Rotation: 0
      m_Anchor: 9
    m_Material: {fileID: 2100000, guid: 31321ba15b8f8eb4c954353edc038b1d, type: 2}
    m_SubmeshIndex: 0
    m_ManualUV: 0
    elementGroup: -1
    m_TextureGroup: -1
  - m_Indexes: 150000001700000014000000150000001600000017000000
    m_SmoothingGroup: 0
    m_Uv:
      m_UseWorldSpace: 0
      m_FlipU: 0
      m_FlipV: 0
      m_SwapUV: 0
      m_Fill: 1
      m_Scale: {x: 1, y: 1}
      m_Offset: {x: -0, y: -0}
      m_Rotation: 0
      m_Anchor: 9
    m_Material: {fileID: 2100000, guid: 31321ba15b8f8eb4c954353edc038b1d, type: 2}
    m_SubmeshIndex: 0
    m_ManualUV: 0
    elementGroup: -1
    m_TextureGroup: -1
  - m_Indexes: 18000000190000001a0000001b000000180000001a000000
    m_SmoothingGroup: 0
    m_Uv:
      m_UseWorldSpace: 0
      m_FlipU: 0
      m_FlipV: 0
      m_SwapUV: 0
      m_Fill: 1
      m_Scale: {x: 1, y: 1}
      m_Offset: {x: -0, y: -0}
      m_Rotation: 0
      m_Anchor: 9
    m_Material: {fileID: 2100000, guid: 31321ba15b8f8eb4c954353edc038b1d, type: 2}
    m_SubmeshIndex: 0
    m_ManualUV: 0
    elementGroup: -1
    m_TextureGroup: -1
  - m_Indexes: 1f0000001d0000001e0000001f0000001c0000001d000000
    m_SmoothingGroup: 0
    m_Uv:
      m_UseWorldSpace: 0
      m_FlipU: 0
      m_FlipV: 0
      m_SwapUV: 0
      m_Fill: 1
      m_Scale: {x: 1, y: 1}
      m_Offset: {x: -0, y: -0}
      m_Rotation: 0
      m_Anchor: 9
    m_Material: {fileID: 2100000, guid: 31321ba15b8f8eb4c954353edc038b1d, type: 2}
    m_SubmeshIndex: 0
    m_ManualUV: 0
    elementGroup: -1
    m_TextureGroup: -1
  - m_Indexes: 200000002100000022000000230000002000000022000000
    m_SmoothingGroup: 0
    m_Uv:
      m_UseWorldSpace: 0
      m_FlipU: 0
      m_FlipV: 0
      m_SwapUV: 0
      m_Fill: 1
      m_Scale: {x: 1, y: 1}
      m_Offset: {x: -0, y: -0}
      m_Rotation: 0
      m_Anchor: 9
    m_Material: {fileID: 2100000, guid: 31321ba15b8f8eb4c954353edc038b1d, type: 2}
    m_SubmeshIndex: 0
    m_ManualUV: 0
    elementGroup: -1
    m_TextureGroup: -1
  - m_Indexes: 260000002400000025000000260000002700000024000000
    m_SmoothingGroup: 0
    m_Uv:
      m_UseWorldSpace: 0
      m_FlipU: 0
      m_FlipV: 0
      m_SwapUV: 0
      m_Fill: 1
      m_Scale: {x: 1, y: 1}
      m_Offset: {x: -0, y: -0}
      m_Rotation: 0
      m_Anchor: 9
    m_Material: {fileID: 2100000, guid: 31321ba15b8f8eb4c954353edc038b1d, type: 2}
    m_SubmeshIndex: 0
    m_ManualUV: 0
    elementGroup: -1
    m_TextureGroup: -1
  - m_Indexes: 28000000290000002a0000002b000000280000002a000000
    m_SmoothingGroup: 0
    m_Uv:
      m_UseWorldSpace: 0
      m_FlipU: 0
      m_FlipV: 0
      m_SwapUV: 0
      m_Fill: 1
      m_Scale: {x: 1, y: 1}
      m_Offset: {x: -0, y: -0}
      m_Rotation: 0
      m_Anchor: 9
    m_Material: {fileID: 2100000, guid: 31321ba15b8f8eb4c954353edc038b1d, type: 2}
    m_SubmeshIndex: 0
    m_ManualUV: 0
    elementGroup: -1
    m_TextureGroup: -1
  - m_Indexes: 2c0000002d0000002e0000002f0000002c0000002e000000
    m_SmoothingGroup: 0
    m_Uv:
      m_UseWorldSpace: 0
      m_FlipU: 0
      m_FlipV: 0
      m_SwapUV: 0
      m_Fill: 1
      m_Scale: {x: 1, y: 1}
      m_Offset: {x: -0, y: -0}
      m_Rotation: 0
      m_Anchor: 9
    m_Material: {fileID: 2100000, guid: 31321ba15b8f8eb4c954353edc038b1d, type: 2}
    m_SubmeshIndex: 0
    m_ManualUV: 0
    elementGroup: -1
    m_TextureGroup: -1
  - m_Indexes: 320000003000000031000000320000003300000030000000
    m_SmoothingGroup: 0
    m_Uv:
      m_UseWorldSpace: 0
      m_FlipU: 0
      m_FlipV: 0
      m_SwapUV: 0
      m_Fill: 1
      m_Scale: {x: 1, y: 1}
      m_Offset: {x: -0, y: -0}
      m_Rotation: 0
      m_Anchor: 9
    m_Material: {fileID: 2100000, guid: 31321ba15b8f8eb4c954353edc038b1d, type: 2}
    m_SubmeshIndex: 0
    m_ManualUV: 0
    elementGroup: -1
    m_TextureGroup: -1
  - m_Indexes: 360000003400000035000000360000003700000034000000
    m_SmoothingGroup: 0
    m_Uv:
      m_UseWorldSpace: 0
      m_FlipU: 0
      m_FlipV: 0
      m_SwapUV: 0
      m_Fill: 1
      m_Scale: {x: 1, y: 1}
      m_Offset: {x: -0, y: -0}
      m_Rotation: 0
      m_Anchor: 9
    m_Material: {fileID: 2100000, guid: 31321ba15b8f8eb4c954353edc038b1d, type: 2}
    m_SubmeshIndex: 0
    m_ManualUV: 0
    elementGroup: -1
    m_TextureGroup: -1
  - m_Indexes: 38000000390000003a0000003b000000380000003a000000
    m_SmoothingGroup: 0
    m_Uv:
      m_UseWorldSpace: 0
      m_FlipU: 0
      m_FlipV: 0
      m_SwapUV: 0
      m_Fill: 1
      m_Scale: {x: 1, y: 1}
      m_Offset: {x: 0, y: 0}
      m_Rotation: 0
      m_Anchor: 9
    m_Material: {fileID: 2100000, guid: 31321ba15b8f8eb4c954353edc038b1d, type: 2}
    m_SubmeshIndex: 0
    m_ManualUV: 0
    elementGroup: -1
    m_TextureGroup: -1
  - m_Indexes: 3d0000003f0000003c0000003d0000003e0000003f000000
    m_SmoothingGroup: 0
    m_Uv:
      m_UseWorldSpace: 0
      m_FlipU: 0
      m_FlipV: 0
      m_SwapUV: 0
      m_Fill: 1
      m_Scale: {x: 1, y: 1}
      m_Offset: {x: -0, y: -0}
      m_Rotation: 0
      m_Anchor: 9
    m_Material: {fileID: 2100000, guid: 31321ba15b8f8eb4c954353edc038b1d, type: 2}
    m_SubmeshIndex: 0
    m_ManualUV: 0
    elementGroup: -1
    m_TextureGroup: -1
  - m_Indexes: 400000004100000042000000430000004000000042000000
    m_SmoothingGroup: 0
    m_Uv:
      m_UseWorldSpace: 0
      m_FlipU: 0
      m_FlipV: 0
      m_SwapUV: 0
      m_Fill: 1
      m_Scale: {x: 1, y: 1}
      m_Offset: {x: -0, y: -0}
      m_Rotation: 0
      m_Anchor: 9
    m_Material: {fileID: 2100000, guid: 31321ba15b8f8eb4c954353edc038b1d, type: 2}
    m_SubmeshIndex: 0
    m_ManualUV: 0
    elementGroup: -1
    m_TextureGroup: -1
  - m_Indexes: 460000004400000045000000460000004700000044000000
    m_SmoothingGroup: 0
    m_Uv:
      m_UseWorldSpace: 0
      m_FlipU: 0
      m_FlipV: 0
      m_SwapUV: 0
      m_Fill: 1
      m_Scale: {x: 1, y: 1}
      m_Offset: {x: -0, y: -0}
      m_Rotation: 0
      m_Anchor: 9
    m_Material: {fileID: 2100000, guid: 31321ba15b8f8eb4c954353edc038b1d, type: 2}
    m_SubmeshIndex: 0
    m_ManualUV: 0
    elementGroup: -1
    m_TextureGroup: -1
  - m_Indexes: 48000000490000004a0000004b000000480000004a000000
    m_SmoothingGroup: 0
    m_Uv:
      m_UseWorldSpace: 0
      m_FlipU: 0
      m_FlipV: 0
      m_SwapUV: 0
      m_Fill: 1
      m_Scale: {x: 1, y: 1}
      m_Offset: {x: -0, y: -0}
      m_Rotation: 0
      m_Anchor: 9
    m_Material: {fileID: 2100000, guid: 31321ba15b8f8eb4c954353edc038b1d, type: 2}
    m_SubmeshIndex: 0
    m_ManualUV: 0
    elementGroup: -1
    m_TextureGroup: -1
  - m_Indexes: 4e0000004c0000004d0000004e0000004f0000004c000000
    m_SmoothingGroup: 0
    m_Uv:
      m_UseWorldSpace: 0
      m_FlipU: 0
      m_FlipV: 0
      m_SwapUV: 0
      m_Fill: 1
      m_Scale: {x: 1, y: 1}
      m_Offset: {x: -0, y: -0}
      m_Rotation: 0
      m_Anchor: 9
    m_Material: {fileID: 2100000, guid: 31321ba15b8f8eb4c954353edc038b1d, type: 2}
    m_SubmeshIndex: 0
    m_ManualUV: 0
    elementGroup: -1
    m_TextureGroup: -1
  - m_Indexes: 510000005200000053000000510000005300000050000000
    m_SmoothingGroup: 0
    m_Uv:
      m_UseWorldSpace: 0
      m_FlipU: 0
      m_FlipV: 0
      m_SwapUV: 0
      m_Fill: 1
      m_Scale: {x: 1, y: 1}
      m_Offset: {x: -0, y: -0}
      m_Rotation: 0
      m_Anchor: 9
    m_Material: {fileID: 2100000, guid: 31321ba15b8f8eb4c954353edc038b1d, type: 2}
    m_SubmeshIndex: 0
    m_ManualUV: 0
    elementGroup: -1
    m_TextureGroup: -1
  - m_Indexes: 540000005500000056000000570000005400000056000000
    m_SmoothingGroup: 0
    m_Uv:
      m_UseWorldSpace: 0
      m_FlipU: 0
      m_FlipV: 0
      m_SwapUV: 0
      m_Fill: 1
      m_Scale: {x: 1, y: 1}
      m_Offset: {x: -0, y: -0}
      m_Rotation: 0
      m_Anchor: 9
    m_Material: {fileID: 2100000, guid: 31321ba15b8f8eb4c954353edc038b1d, type: 2}
    m_SubmeshIndex: 0
    m_ManualUV: 0
    elementGroup: -1
    m_TextureGroup: -1
  - m_Indexes: 590000005b00000058000000590000005a0000005b000000
    m_SmoothingGroup: 0
    m_Uv:
      m_UseWorldSpace: 0
      m_FlipU: 0
      m_FlipV: 0
      m_SwapUV: 0
      m_Fill: 1
      m_Scale: {x: 1, y: 1}
      m_Offset: {x: -0, y: -0}
      m_Rotation: 0
      m_Anchor: 9
    m_Material: {fileID: 2100000, guid: 31321ba15b8f8eb4c954353edc038b1d, type: 2}
    m_SubmeshIndex: 0
    m_ManualUV: 0
    elementGroup: -1
    m_TextureGroup: -1
  - m_Indexes: 5e0000005c0000005d0000005e0000005f0000005c000000
    m_SmoothingGroup: 0
    m_Uv:
      m_UseWorldSpace: 0
      m_FlipU: 0
      m_FlipV: 0
      m_SwapUV: 0
      m_Fill: 1
      m_Scale: {x: 1, y: 1}
      m_Offset: {x: -0, y: -0}
      m_Rotation: 0
      m_Anchor: 9
    m_Material: {fileID: 2100000, guid: 31321ba15b8f8eb4c954353edc038b1d, type: 2}
    m_SubmeshIndex: 0
    m_ManualUV: 0
    elementGroup: -1
    m_TextureGroup: -1
  - m_Indexes: 620000006000000061000000620000006300000060000000
    m_SmoothingGroup: 0
    m_Uv:
      m_UseWorldSpace: 0
      m_FlipU: 0
      m_FlipV: 0
      m_SwapUV: 0
      m_Fill: 1
      m_Scale: {x: 1, y: 1}
      m_Offset: {x: -0, y: -0}
      m_Rotation: 0
      m_Anchor: 9
    m_Material: {fileID: 2100000, guid: 31321ba15b8f8eb4c954353edc038b1d, type: 2}
    m_SubmeshIndex: 0
    m_ManualUV: 0
    elementGroup: -1
    m_TextureGroup: -1
  - m_Indexes: 650000006700000064000000650000006600000067000000
    m_SmoothingGroup: 0
    m_Uv:
      m_UseWorldSpace: 0
      m_FlipU: 0
      m_FlipV: 0
      m_SwapUV: 0
      m_Fill: 1
      m_Scale: {x: 1, y: 1}
      m_Offset: {x: -0, y: -0}
      m_Rotation: 0
      m_Anchor: 9
    m_Material: {fileID: 2100000, guid: 31321ba15b8f8eb4c954353edc038b1d, type: 2}
    m_SubmeshIndex: 0
    m_ManualUV: 0
    elementGroup: -1
    m_TextureGroup: -1
  - m_Indexes: 68000000690000006a0000006b000000680000006a000000
    m_SmoothingGroup: 0
    m_Uv:
      m_UseWorldSpace: 0
      m_FlipU: 0
      m_FlipV: 0
      m_SwapUV: 0
      m_Fill: 1
      m_Scale: {x: 1, y: 1}
      m_Offset: {x: -0, y: -0}
      m_Rotation: 0
      m_Anchor: 9
    m_Material: {fileID: 2100000, guid: 31321ba15b8f8eb4c954353edc038b1d, type: 2}
    m_SubmeshIndex: 0
    m_ManualUV: 0
    elementGroup: -1
    m_TextureGroup: -1
  - m_Indexes: 6c0000006d0000006e0000006f0000006c0000006e000000
    m_SmoothingGroup: 0
    m_Uv:
      m_UseWorldSpace: 0
      m_FlipU: 0
      m_FlipV: 0
      m_SwapUV: 0
      m_Fill: 1
      m_Scale: {x: 1, y: 1}
      m_Offset: {x: -0, y: -0}
      m_Rotation: 0
      m_Anchor: 9
    m_Material: {fileID: 2100000, guid: 31321ba15b8f8eb4c954353edc038b1d, type: 2}
    m_SubmeshIndex: 0
    m_ManualUV: 0
    elementGroup: -1
    m_TextureGroup: -1
  - m_Indexes: 720000007000000071000000720000007300000070000000
    m_SmoothingGroup: 0
    m_Uv:
      m_UseWorldSpace: 0
      m_FlipU: 0
      m_FlipV: 0
      m_SwapUV: 0
      m_Fill: 1
      m_Scale: {x: 1, y: 1}
      m_Offset: {x: -0, y: -0}
      m_Rotation: 0
      m_Anchor: 9
    m_Material: {fileID: 2100000, guid: 31321ba15b8f8eb4c954353edc038b1d, type: 2}
    m_SubmeshIndex: 0
    m_ManualUV: 0
    elementGroup: -1
    m_TextureGroup: -1
  - m_Indexes: 750000007700000074000000750000007600000077000000
    m_SmoothingGroup: 0
    m_Uv:
      m_UseWorldSpace: 0
      m_FlipU: 0
      m_FlipV: 0
      m_SwapUV: 0
      m_Fill: 1
      m_Scale: {x: 1, y: 1}
      m_Offset: {x: -0, y: -0}
      m_Rotation: 0
      m_Anchor: 9
    m_Material: {fileID: 2100000, guid: 31321ba15b8f8eb4c954353edc038b1d, type: 2}
    m_SubmeshIndex: 0
    m_ManualUV: 0
    elementGroup: -1
    m_TextureGroup: -1
  - m_Indexes: 78000000790000007a0000007b000000780000007a000000
    m_SmoothingGroup: 0
    m_Uv:
      m_UseWorldSpace: 0
      m_FlipU: 0
      m_FlipV: 0
      m_SwapUV: 0
      m_Fill: 1
      m_Scale: {x: 1, y: 1}
      m_Offset: {x: -0, y: -0}
      m_Rotation: 0
      m_Anchor: 9
    m_Material: {fileID: 2100000, guid: 31321ba15b8f8eb4c954353edc038b1d, type: 2}
    m_SubmeshIndex: 0
    m_ManualUV: 0
    elementGroup: -1
    m_TextureGroup: -1
  - m_Indexes: 7c0000007d0000007e0000007f0000007c0000007e000000
    m_SmoothingGroup: 0
    m_Uv:
      m_UseWorldSpace: 0
      m_FlipU: 0
      m_FlipV: 0
      m_SwapUV: 0
      m_Fill: 1
      m_Scale: {x: 1, y: 1}
      m_Offset: {x: -0, y: -0}
      m_Rotation: 0
      m_Anchor: 9
    m_Material: {fileID: 2100000, guid: 31321ba15b8f8eb4c954353edc038b1d, type: 2}
    m_SubmeshIndex: 0
    m_ManualUV: 0
    elementGroup: -1
    m_TextureGroup: -1
  - m_Indexes: 820000008000000081000000820000008300000080000000
    m_SmoothingGroup: 0
    m_Uv:
      m_UseWorldSpace: 0
      m_FlipU: 0
      m_FlipV: 0
      m_SwapUV: 0
      m_Fill: 1
      m_Scale: {x: 1, y: 1}
      m_Offset: {x: -0, y: -0}
      m_Rotation: 0
      m_Anchor: 9
    m_Material: {fileID: 2100000, guid: 31321ba15b8f8eb4c954353edc038b1d, type: 2}
    m_SubmeshIndex: 0
    m_ManualUV: 0
    elementGroup: -1
    m_TextureGroup: -1
  - m_Indexes: 850000008700000084000000850000008600000087000000
    m_SmoothingGroup: 0
    m_Uv:
      m_UseWorldSpace: 0
      m_FlipU: 0
      m_FlipV: 0
      m_SwapUV: 0
      m_Fill: 1
      m_Scale: {x: 1, y: 1}
      m_Offset: {x: -0, y: -0}
      m_Rotation: 0
      m_Anchor: 9
    m_Material: {fileID: 2100000, guid: 31321ba15b8f8eb4c954353edc038b1d, type: 2}
    m_SubmeshIndex: 0
    m_ManualUV: 0
    elementGroup: -1
    m_TextureGroup: -1
  - m_Indexes: 88000000890000008a0000008b000000880000008a000000
    m_SmoothingGroup: 0
    m_Uv:
      m_UseWorldSpace: 0
      m_FlipU: 0
      m_FlipV: 0
      m_SwapUV: 0
      m_Fill: 1
      m_Scale: {x: 1, y: 1}
      m_Offset: {x: -0, y: -0}
      m_Rotation: 0
      m_Anchor: 9
    m_Material: {fileID: 2100000, guid: 31321ba15b8f8eb4c954353edc038b1d, type: 2}
    m_SubmeshIndex: 0
    m_ManualUV: 0
    elementGroup: -1
    m_TextureGroup: -1
  - m_Indexes: 8c0000008d0000008e0000008f0000008c0000008e000000
    m_SmoothingGroup: 0
    m_Uv:
      m_UseWorldSpace: 0
      m_FlipU: 0
      m_FlipV: 0
      m_SwapUV: 0
      m_Fill: 1
      m_Scale: {x: 1, y: 1}
      m_Offset: {x: -0, y: -0}
      m_Rotation: 0
      m_Anchor: 9
    m_Material: {fileID: 2100000, guid: 31321ba15b8f8eb4c954353edc038b1d, type: 2}
    m_SubmeshIndex: 0
    m_ManualUV: 0
    elementGroup: -1
    m_TextureGroup: -1
  - m_Indexes: 900000009100000093000000910000009200000093000000
    m_SmoothingGroup: 1
    m_Uv:
      m_UseWorldSpace: 0
      m_FlipU: 0
      m_FlipV: 0
      m_SwapUV: 0
      m_Fill: 1
      m_Scale: {x: 1, y: 1}
      m_Offset: {x: -0, y: -0}
      m_Rotation: 0
      m_Anchor: 9
    m_Material: {fileID: 2100000, guid: 31321ba15b8f8eb4c954353edc038b1d, type: 2}
    m_SubmeshIndex: 0
    m_ManualUV: 0
    elementGroup: -1
    m_TextureGroup: -1
  - m_Indexes: 940000009500000097000000950000009600000097000000
    m_SmoothingGroup: 0
    m_Uv:
      m_UseWorldSpace: 0
      m_FlipU: 0
      m_FlipV: 0
      m_SwapUV: 0
      m_Fill: 1
      m_Scale: {x: 1, y: 1}
      m_Offset: {x: -0, y: -0}
      m_Rotation: 0
      m_Anchor: 9
    m_Material: {fileID: 2100000, guid: 31321ba15b8f8eb4c954353edc038b1d, type: 2}
    m_SubmeshIndex: 0
    m_ManualUV: 0
    elementGroup: -1
    m_TextureGroup: -1
  - m_Indexes: 9a00000098000000990000009a0000009b00000098000000
    m_SmoothingGroup: 0
    m_Uv:
      m_UseWorldSpace: 0
      m_FlipU: 0
      m_FlipV: 0
      m_SwapUV: 0
      m_Fill: 1
      m_Scale: {x: 1, y: 1}
      m_Offset: {x: -0, y: -0}
      m_Rotation: 0
      m_Anchor: 9
    m_Material: {fileID: 2100000, guid: 31321ba15b8f8eb4c954353edc038b1d, type: 2}
    m_SubmeshIndex: 0
    m_ManualUV: 0
    elementGroup: -1
    m_TextureGroup: -1
  - m_Indexes: 9d0000009f0000009c0000009d0000009e0000009f000000
    m_SmoothingGroup: 0
    m_Uv:
      m_UseWorldSpace: 0
      m_FlipU: 0
      m_FlipV: 0
      m_SwapUV: 0
      m_Fill: 1
      m_Scale: {x: 1, y: 1}
      m_Offset: {x: -0, y: -0}
      m_Rotation: 0
      m_Anchor: 9
    m_Material: {fileID: 2100000, guid: 31321ba15b8f8eb4c954353edc038b1d, type: 2}
    m_SubmeshIndex: 0
    m_ManualUV: 0
    elementGroup: -1
    m_TextureGroup: -1
  - m_Indexes: a1000000a2000000a3000000a1000000a3000000a0000000
    m_SmoothingGroup: 0
    m_Uv:
      m_UseWorldSpace: 0
      m_FlipU: 0
      m_FlipV: 0
      m_SwapUV: 0
      m_Fill: 1
      m_Scale: {x: 1, y: 1}
      m_Offset: {x: -0, y: -0}
      m_Rotation: 0
      m_Anchor: 9
    m_Material: {fileID: 2100000, guid: 31321ba15b8f8eb4c954353edc038b1d, type: 2}
    m_SubmeshIndex: 0
    m_ManualUV: 0
    elementGroup: -1
    m_TextureGroup: -1
  - m_Indexes: a4000000a5000000a6000000a4000000a6000000a7000000
    m_SmoothingGroup: 0
    m_Uv:
      m_UseWorldSpace: 0
      m_FlipU: 0
      m_FlipV: 0
      m_SwapUV: 0
      m_Fill: 1
      m_Scale: {x: 1, y: 1}
      m_Offset: {x: -0, y: -0}
      m_Rotation: 0
      m_Anchor: 9
    m_Material: {fileID: 2100000, guid: 31321ba15b8f8eb4c954353edc038b1d, type: 2}
    m_SubmeshIndex: 0
    m_ManualUV: 0
    elementGroup: -1
    m_TextureGroup: -1
  - m_Indexes: a8000000a9000000aa000000a9000000ab000000aa000000
    m_SmoothingGroup: 0
    m_Uv:
      m_UseWorldSpace: 0
      m_FlipU: 0
      m_FlipV: 0
      m_SwapUV: 0
      m_Fill: 1
      m_Scale: {x: 1, y: 1}
      m_Offset: {x: -0, y: -0}
      m_Rotation: 0
      m_Anchor: 9
    m_Material: {fileID: 0}
    m_SubmeshIndex: 0
    m_ManualUV: 0
    elementGroup: -1
    m_TextureGroup: -1
  - m_Indexes: ac000000ad000000ae000000ad000000af000000ae000000
    m_SmoothingGroup: 0
    m_Uv:
      m_UseWorldSpace: 0
      m_FlipU: 0
      m_FlipV: 0
      m_SwapUV: 0
      m_Fill: 1
      m_Scale: {x: 1, y: 1}
      m_Offset: {x: -0, y: -0}
      m_Rotation: 0
      m_Anchor: 9
    m_Material: {fileID: 0}
    m_SubmeshIndex: 0
    m_ManualUV: 0
    elementGroup: -1
    m_TextureGroup: -1
  - m_Indexes: b0000000b1000000b2000000b1000000b3000000b2000000
    m_SmoothingGroup: 0
    m_Uv:
      m_UseWorldSpace: 0
      m_FlipU: 0
      m_FlipV: 0
      m_SwapUV: 0
      m_Fill: 1
      m_Scale: {x: 1, y: 1}
      m_Offset: {x: -0, y: -0}
      m_Rotation: 0
      m_Anchor: 9
    m_Material: {fileID: 0}
    m_SubmeshIndex: 0
    m_ManualUV: 0
    elementGroup: -1
    m_TextureGroup: -1
  - m_Indexes: b4000000b5000000b6000000b5000000b7000000b6000000
    m_SmoothingGroup: 0
    m_Uv:
      m_UseWorldSpace: 0
      m_FlipU: 0
      m_FlipV: 0
      m_SwapUV: 0
      m_Fill: 1
      m_Scale: {x: 1, y: 1}
      m_Offset: {x: -0, y: -0}
      m_Rotation: 0
      m_Anchor: 9
    m_Material: {fileID: 0}
    m_SubmeshIndex: 0
    m_ManualUV: 0
    elementGroup: -1
    m_TextureGroup: -1
  - m_Indexes: b8000000b9000000ba000000b9000000bb000000ba000000
    m_SmoothingGroup: 0
    m_Uv:
      m_UseWorldSpace: 0
      m_FlipU: 0
      m_FlipV: 0
      m_SwapUV: 0
      m_Fill: 1
      m_Scale: {x: 1, y: 1}
      m_Offset: {x: -0, y: -0}
      m_Rotation: 0
      m_Anchor: 9
    m_Material: {fileID: 0}
    m_SubmeshIndex: 0
    m_ManualUV: 0
    elementGroup: -1
    m_TextureGroup: -1
  - m_Indexes: bc000000bd000000be000000bd000000bf000000be000000
    m_SmoothingGroup: 0
    m_Uv:
      m_UseWorldSpace: 0
      m_FlipU: 0
      m_FlipV: 0
      m_SwapUV: 0
      m_Fill: 1
      m_Scale: {x: 1, y: 1}
      m_Offset: {x: -0, y: -0}
      m_Rotation: 0
      m_Anchor: 9
    m_Material: {fileID: 0}
    m_SubmeshIndex: 0
    m_ManualUV: 0
    elementGroup: -1
    m_TextureGroup: -1
  - m_Indexes: c0000000c1000000c2000000c1000000c3000000c2000000
    m_SmoothingGroup: 1
    m_Uv:
      m_UseWorldSpace: 0
      m_FlipU: 0
      m_FlipV: 0
      m_SwapUV: 0
      m_Fill: 1
      m_Scale: {x: 1, y: 1}
      m_Offset: {x: -0, y: -0}
      m_Rotation: 0
      m_Anchor: 9
    m_Material: {fileID: 0}
    m_SubmeshIndex: 0
    m_ManualUV: 0
    elementGroup: -1
    m_TextureGroup: -1
  - m_Indexes: c4000000c5000000c6000000c5000000c7000000c6000000
    m_SmoothingGroup: 0
    m_Uv:
      m_UseWorldSpace: 0
      m_FlipU: 0
      m_FlipV: 0
      m_SwapUV: 0
      m_Fill: 1
      m_Scale: {x: 1, y: 1}
      m_Offset: {x: -0, y: -0}
      m_Rotation: 0
      m_Anchor: 9
    m_Material: {fileID: 0}
    m_SubmeshIndex: 0
    m_ManualUV: 0
    elementGroup: -1
    m_TextureGroup: -1
  - m_Indexes: c8000000c9000000ca000000c9000000cb000000ca000000
    m_SmoothingGroup: 0
    m_Uv:
      m_UseWorldSpace: 0
      m_FlipU: 0
      m_FlipV: 0
      m_SwapUV: 0
      m_Fill: 1
      m_Scale: {x: 1, y: 1}
      m_Offset: {x: -0, y: -0}
      m_Rotation: 0
      m_Anchor: 9
    m_Material: {fileID: 0}
    m_SubmeshIndex: 0
    m_ManualUV: 0
    elementGroup: -1
    m_TextureGroup: -1
  - m_Indexes: cc000000cd000000ce000000cd000000cf000000ce000000
    m_SmoothingGroup: 0
    m_Uv:
      m_UseWorldSpace: 0
      m_FlipU: 0
      m_FlipV: 0
      m_SwapUV: 0
      m_Fill: 1
      m_Scale: {x: 1, y: 1}
      m_Offset: {x: -0, y: -0}
      m_Rotation: 0
      m_Anchor: 9
    m_Material: {fileID: 0}
    m_SubmeshIndex: 0
    m_ManualUV: 0
    elementGroup: -1
    m_TextureGroup: -1
  - m_Indexes: d0000000d1000000d2000000d1000000d3000000d2000000
    m_SmoothingGroup: 1
    m_Uv:
      m_UseWorldSpace: 0
      m_FlipU: 0
      m_FlipV: 0
      m_SwapUV: 0
      m_Fill: 1
      m_Scale: {x: 1, y: 1}
      m_Offset: {x: -0, y: -0}
      m_Rotation: 0
      m_Anchor: 9
    m_Material: {fileID: 0}
    m_SubmeshIndex: 0
    m_ManualUV: 0
    elementGroup: -1
    m_TextureGroup: -1
  - m_Indexes: d4000000d5000000d6000000d5000000d7000000d6000000
    m_SmoothingGroup: 0
    m_Uv:
      m_UseWorldSpace: 0
      m_FlipU: 0
      m_FlipV: 0
      m_SwapUV: 0
      m_Fill: 1
      m_Scale: {x: 1, y: 1}
      m_Offset: {x: -0, y: -0}
      m_Rotation: 0
      m_Anchor: 9
    m_Material: {fileID: 0}
    m_SubmeshIndex: 0
    m_ManualUV: 0
    elementGroup: -1
    m_TextureGroup: -1
  - m_Indexes: d8000000d9000000da000000d9000000db000000da000000
    m_SmoothingGroup: 0
    m_Uv:
      m_UseWorldSpace: 0
      m_FlipU: 0
      m_FlipV: 0
      m_SwapUV: 0
      m_Fill: 1
      m_Scale: {x: 1, y: 1}
      m_Offset: {x: -0, y: -0}
      m_Rotation: 0
      m_Anchor: 9
    m_Material: {fileID: 0}
    m_SubmeshIndex: 0
    m_ManualUV: 0
    elementGroup: -1
    m_TextureGroup: -1
  - m_Indexes: dc000000dd000000de000000dd000000df000000de000000
    m_SmoothingGroup: 0
    m_Uv:
      m_UseWorldSpace: 0
      m_FlipU: 0
      m_FlipV: 0
      m_SwapUV: 0
      m_Fill: 1
      m_Scale: {x: 1, y: 1}
      m_Offset: {x: -0, y: -0}
      m_Rotation: 0
      m_Anchor: 9
    m_Material: {fileID: 0}
    m_SubmeshIndex: 0
    m_ManualUV: 0
    elementGroup: -1
    m_TextureGroup: -1
  - m_Indexes: e0000000e1000000e2000000e1000000e3000000e2000000
    m_SmoothingGroup: 0
    m_Uv:
      m_UseWorldSpace: 0
      m_FlipU: 0
      m_FlipV: 0
      m_SwapUV: 0
      m_Fill: 1
      m_Scale: {x: 1, y: 1}
      m_Offset: {x: -0, y: -0}
      m_Rotation: 0
      m_Anchor: 9
    m_Material: {fileID: 0}
    m_SubmeshIndex: 0
    m_ManualUV: 0
    elementGroup: -1
    m_TextureGroup: -1
  - m_Indexes: e4000000e5000000e6000000e5000000e7000000e6000000
    m_SmoothingGroup: 1
    m_Uv:
      m_UseWorldSpace: 0
      m_FlipU: 0
      m_FlipV: 0
      m_SwapUV: 0
      m_Fill: 1
      m_Scale: {x: 1, y: 1}
      m_Offset: {x: -0, y: -0}
      m_Rotation: 0
      m_Anchor: 9
    m_Material: {fileID: 0}
    m_SubmeshIndex: 0
    m_ManualUV: 0
    elementGroup: -1
    m_TextureGroup: -1
  - m_Indexes: e8000000e9000000ea000000e9000000eb000000ea000000
    m_SmoothingGroup: 0
    m_Uv:
      m_UseWorldSpace: 0
      m_FlipU: 0
      m_FlipV: 0
      m_SwapUV: 0
      m_Fill: 1
      m_Scale: {x: 1, y: 1}
      m_Offset: {x: -0, y: -0}
      m_Rotation: 0
      m_Anchor: 9
    m_Material: {fileID: 0}
    m_SubmeshIndex: 0
    m_ManualUV: 0
    elementGroup: -1
    m_TextureGroup: -1
  - m_Indexes: ec000000ed000000ee000000ed000000ef000000ee000000
    m_SmoothingGroup: 0
    m_Uv:
      m_UseWorldSpace: 0
      m_FlipU: 0
      m_FlipV: 0
      m_SwapUV: 0
      m_Fill: 1
      m_Scale: {x: 1, y: 1}
      m_Offset: {x: -0, y: -0}
      m_Rotation: 0
      m_Anchor: 9
    m_Material: {fileID: 0}
    m_SubmeshIndex: 0
    m_ManualUV: 0
    elementGroup: -1
    m_TextureGroup: -1
  - m_Indexes: f0000000f1000000f2000000f1000000f3000000f2000000
    m_SmoothingGroup: 0
    m_Uv:
      m_UseWorldSpace: 0
      m_FlipU: 0
      m_FlipV: 0
      m_SwapUV: 0
      m_Fill: 1
      m_Scale: {x: 1, y: 1}
      m_Offset: {x: -0, y: -0}
      m_Rotation: 0
      m_Anchor: 9
    m_Material: {fileID: 0}
    m_SubmeshIndex: 0
    m_ManualUV: 0
    elementGroup: -1
    m_TextureGroup: -1
  - m_Indexes: f4000000f5000000f6000000f4000000f6000000f8000000f6000000f7000000f8000000
    m_SmoothingGroup: 0
    m_Uv:
      m_UseWorldSpace: 0
      m_FlipU: 0
      m_FlipV: 0
      m_SwapUV: 0
      m_Fill: 1
      m_Scale: {x: 1, y: 1}
      m_Offset: {x: -0, y: -0}
      m_Rotation: 0
      m_Anchor: 9
    m_Material: {fileID: 2100000, guid: 31321ba15b8f8eb4c954353edc038b1d, type: 2}
    m_SubmeshIndex: 1
    m_ManualUV: 1
    elementGroup: 0
    m_TextureGroup: -1
  - m_Indexes: fa000000fb000000fc000000fd000000f9000000fa000000fd000000fa000000fc000000
    m_SmoothingGroup: 0
    m_Uv:
      m_UseWorldSpace: 0
      m_FlipU: 0
      m_FlipV: 0
      m_SwapUV: 0
      m_Fill: 1
      m_Scale: {x: 1, y: 1}
      m_Offset: {x: -0, y: -0}
      m_Rotation: 0
      m_Anchor: 9
    m_Material: {fileID: 2100000, guid: 31321ba15b8f8eb4c954353edc038b1d, type: 2}
    m_SubmeshIndex: 0
    m_ManualUV: 0
    elementGroup: 0
    m_TextureGroup: -1
  - m_Indexes: 02010000fe00000001010000ff00000001010000fe000000ff0000000001000001010000
    m_SmoothingGroup: 0
    m_Uv:
      m_UseWorldSpace: 0
      m_FlipU: 0
      m_FlipV: 0
      m_SwapUV: 0
      m_Fill: 1
      m_Scale: {x: 1, y: 1}
      m_Offset: {x: -0, y: -0}
      m_Rotation: 0
      m_Anchor: 9
    m_Material: {fileID: 2100000, guid: 31321ba15b8f8eb4c954353edc038b1d, type: 2}
    m_SubmeshIndex: 0
    m_ManualUV: 0
    elementGroup: 0
    m_TextureGroup: -1
  - m_Indexes: 030100000401000005010000060100000301000005010000
    m_SmoothingGroup: 0
    m_Uv:
      m_UseWorldSpace: 0
      m_FlipU: 0
      m_FlipV: 0
      m_SwapUV: 0
      m_Fill: 1
      m_Scale: {x: 1, y: 1}
      m_Offset: {x: -0, y: -0}
      m_Rotation: 0
      m_Anchor: 9
    m_Material: {fileID: 2100000, guid: 31321ba15b8f8eb4c954353edc038b1d, type: 2}
    m_SubmeshIndex: 0
    m_ManualUV: 0
    elementGroup: 0
    m_TextureGroup: 1
  - m_Indexes: 0701000008010000090100000a0100000701000009010000
    m_SmoothingGroup: 0
    m_Uv:
      m_UseWorldSpace: 0
      m_FlipU: 0
      m_FlipV: 0
      m_SwapUV: 0
      m_Fill: 1
      m_Scale: {x: 1, y: 1}
      m_Offset: {x: -0, y: -0}
      m_Rotation: 0
      m_Anchor: 9
    m_Material: {fileID: 2100000, guid: 31321ba15b8f8eb4c954353edc038b1d, type: 2}
    m_SubmeshIndex: 2
    m_ManualUV: 0
    elementGroup: 0
    m_TextureGroup: -1
  - m_Indexes: 0e0100000b0100000c0100000d0100000e0100000c010000
    m_SmoothingGroup: 0
    m_Uv:
      m_UseWorldSpace: 0
      m_FlipU: 0
      m_FlipV: 0
      m_SwapUV: 0
      m_Fill: 1
      m_Scale: {x: 1, y: 1}
      m_Offset: {x: -0, y: -0}
      m_Rotation: 0
      m_Anchor: 9
    m_Material: {fileID: 2100000, guid: 31321ba15b8f8eb4c954353edc038b1d, type: 2}
    m_SubmeshIndex: 0
    m_ManualUV: 0
    elementGroup: 0
    m_TextureGroup: 1
  - m_Indexes: 11010000120100000f01000010010000110100000f010000
    m_SmoothingGroup: 0
    m_Uv:
      m_UseWorldSpace: 0
      m_FlipU: 0
      m_FlipV: 0
      m_SwapUV: 0
      m_Fill: 1
      m_Scale: {x: 1, y: 1}
      m_Offset: {x: -0, y: -0}
      m_Rotation: 0
      m_Anchor: 9
    m_Material: {fileID: 2100000, guid: 31321ba15b8f8eb4c954353edc038b1d, type: 2}
    m_SubmeshIndex: 0
    m_ManualUV: 0
    elementGroup: 0
    m_TextureGroup: 1
  - m_Indexes: 140100001501000016010000140100001601000017010000130100001401000017010000
    m_SmoothingGroup: 0
    m_Uv:
      m_UseWorldSpace: 0
      m_FlipU: 0
      m_FlipV: 0
      m_SwapUV: 0
      m_Fill: 1
      m_Scale: {x: 1, y: 1}
      m_Offset: {x: -0, y: -0}
      m_Rotation: 0
      m_Anchor: 9
    m_Material: {fileID: 2100000, guid: 31321ba15b8f8eb4c954353edc038b1d, type: 2}
    m_SubmeshIndex: 0
    m_ManualUV: 0
    elementGroup: 0
    m_TextureGroup: -1
  - m_Indexes: 18010000190100001a010000190100001b0100001a010000
    m_SmoothingGroup: 0
    m_Uv:
      m_UseWorldSpace: 0
      m_FlipU: 0
      m_FlipV: 0
      m_SwapUV: 0
      m_Fill: 1
      m_Scale: {x: 1, y: 1}
      m_Offset: {x: -0, y: -0}
      m_Rotation: 0
      m_Anchor: 9
    m_Material: {fileID: 0}
    m_SubmeshIndex: 0
    m_ManualUV: 0
    elementGroup: -1
    m_TextureGroup: -1
  - m_Indexes: 1c0100001d0100001e0100001d0100001f0100001e010000
    m_SmoothingGroup: 0
    m_Uv:
      m_UseWorldSpace: 0
      m_FlipU: 0
      m_FlipV: 0
      m_SwapUV: 0
      m_Fill: 1
      m_Scale: {x: 1, y: 1}
      m_Offset: {x: -0, y: -0}
      m_Rotation: 0
      m_Anchor: 9
    m_Material: {fileID: 0}
    m_SubmeshIndex: 0
    m_ManualUV: 0
    elementGroup: -1
    m_TextureGroup: -1
  - m_Indexes: 200100002101000022010000210100002301000022010000
    m_SmoothingGroup: 0
    m_Uv:
      m_UseWorldSpace: 0
      m_FlipU: 0
      m_FlipV: 0
      m_SwapUV: 0
      m_Fill: 1
      m_Scale: {x: 1, y: 1}
      m_Offset: {x: -0, y: -0}
      m_Rotation: 0
      m_Anchor: 9
    m_Material: {fileID: 0}
    m_SubmeshIndex: 0
    m_ManualUV: 0
    elementGroup: -1
    m_TextureGroup: -1
  - m_Indexes: 240100002501000026010000250100002701000026010000
    m_SmoothingGroup: 0
    m_Uv:
      m_UseWorldSpace: 0
      m_FlipU: 0
      m_FlipV: 0
      m_SwapUV: 0
      m_Fill: 1
      m_Scale: {x: 1, y: 1}
      m_Offset: {x: -0, y: -0}
      m_Rotation: 0
      m_Anchor: 9
    m_Material: {fileID: 0}
    m_SubmeshIndex: 0
    m_ManualUV: 0
    elementGroup: -1
    m_TextureGroup: -1
  - m_Indexes: 28010000290100002a010000290100002b0100002a010000
    m_SmoothingGroup: 0
    m_Uv:
      m_UseWorldSpace: 0
      m_FlipU: 0
      m_FlipV: 0
      m_SwapUV: 0
      m_Fill: 1
      m_Scale: {x: 1, y: 1}
      m_Offset: {x: -0, y: -0}
      m_Rotation: 0
      m_Anchor: 9
    m_Material: {fileID: 0}
    m_SubmeshIndex: 2
    m_ManualUV: 0
    elementGroup: -1
    m_TextureGroup: -1
  - m_Indexes: 2c0100002d0100002e0100002d0100002f0100002e010000
    m_SmoothingGroup: 0
    m_Uv:
      m_UseWorldSpace: 0
      m_FlipU: 0
      m_FlipV: 0
      m_SwapUV: 0
      m_Fill: 1
      m_Scale: {x: 1, y: 1}
      m_Offset: {x: -0, y: -0}
      m_Rotation: 0
      m_Anchor: 9
    m_Material: {fileID: 0}
    m_SubmeshIndex: 2
    m_ManualUV: 0
    elementGroup: -1
    m_TextureGroup: -1
  - m_Indexes: 300100003101000032010000310100003301000032010000
    m_SmoothingGroup: 0
    m_Uv:
      m_UseWorldSpace: 0
      m_FlipU: 0
      m_FlipV: 0
      m_SwapUV: 0
      m_Fill: 1
      m_Scale: {x: 1, y: 1}
      m_Offset: {x: -0, y: -0}
      m_Rotation: 0
      m_Anchor: 9
    m_Material: {fileID: 0}
    m_SubmeshIndex: 2
    m_ManualUV: 0
    elementGroup: -1
    m_TextureGroup: -1
  - m_Indexes: 340100003501000036010000350100003701000036010000
    m_SmoothingGroup: 0
    m_Uv:
      m_UseWorldSpace: 0
      m_FlipU: 0
      m_FlipV: 0
      m_SwapUV: 0
      m_Fill: 1
      m_Scale: {x: 1, y: 1}
      m_Offset: {x: -0, y: -0}
      m_Rotation: 0
      m_Anchor: 9
    m_Material: {fileID: 0}
    m_SubmeshIndex: 2
    m_ManualUV: 0
    elementGroup: -1
    m_TextureGroup: -1
  - m_Indexes: 38010000390100003a010000390100003b0100003a010000
    m_SmoothingGroup: 0
    m_Uv:
      m_UseWorldSpace: 0
      m_FlipU: 0
      m_FlipV: 0
      m_SwapUV: 0
      m_Fill: 1
      m_Scale: {x: 1, y: 1}
      m_Offset: {x: -0, y: -0}
      m_Rotation: 0
      m_Anchor: 9
    m_Material: {fileID: 0}
    m_SubmeshIndex: 0
    m_ManualUV: 0
    elementGroup: -1
    m_TextureGroup: -1
  - m_Indexes: 3c0100003d0100003e0100003d0100003f0100003e010000
    m_SmoothingGroup: 0
    m_Uv:
      m_UseWorldSpace: 0
      m_FlipU: 0
      m_FlipV: 0
      m_SwapUV: 0
      m_Fill: 1
      m_Scale: {x: 1, y: 1}
      m_Offset: {x: -0, y: -0}
      m_Rotation: 0
      m_Anchor: 9
    m_Material: {fileID: 0}
    m_SubmeshIndex: 0
    m_ManualUV: 0
    elementGroup: -1
    m_TextureGroup: -1
  - m_Indexes: 400100004101000042010000410100004301000042010000
    m_SmoothingGroup: 0
    m_Uv:
      m_UseWorldSpace: 0
      m_FlipU: 0
      m_FlipV: 0
      m_SwapUV: 0
      m_Fill: 1
      m_Scale: {x: 1, y: 1}
      m_Offset: {x: -0, y: -0}
      m_Rotation: 0
      m_Anchor: 9
    m_Material: {fileID: 0}
    m_SubmeshIndex: 0
    m_ManualUV: 0
    elementGroup: -1
    m_TextureGroup: -1
  - m_Indexes: 440100004501000046010000450100004701000046010000
    m_SmoothingGroup: 0
    m_Uv:
      m_UseWorldSpace: 0
      m_FlipU: 0
      m_FlipV: 0
      m_SwapUV: 0
      m_Fill: 1
      m_Scale: {x: 1, y: 1}
      m_Offset: {x: -0, y: -0}
      m_Rotation: 0
      m_Anchor: 9
    m_Material: {fileID: 0}
    m_SubmeshIndex: 0
    m_ManualUV: 0
    elementGroup: -1
    m_TextureGroup: -1
  - m_Indexes: 48010000490100004a010000490100004b0100004a010000
    m_SmoothingGroup: 0
    m_Uv:
      m_UseWorldSpace: 0
      m_FlipU: 0
      m_FlipV: 0
      m_SwapUV: 0
      m_Fill: 1
      m_Scale: {x: 1, y: 1}
      m_Offset: {x: -0, y: -0}
      m_Rotation: 0
      m_Anchor: 9
    m_Material: {fileID: 0}
    m_SubmeshIndex: 0
    m_ManualUV: 0
    elementGroup: -1
    m_TextureGroup: -1
  m_SharedVertices:
  - m_Vertices: 000000001900000025000000
  - m_Vertices: 01000000080000002400000035000000
  - m_Vertices: 020000000b000000200000002f000000
  - m_Vertices: 030000001a00000023000000
  - m_Vertices: 040000001000000086000000a5000000
  - m_Vertices: 050000006800000085000000
  - m_Vertices: 060000006b0000007e000000
  - m_Vertices: 07000000110000007d00000096000000
  - m_Vertices: 090000000c0000003100000034000000
  - m_Vertices: 0a0000000f0000002b0000002c000000
  - m_Vertices: 0d0000001c00000030000000
  - m_Vertices: 0e0000001f00000028000000
  - m_Vertices: 12000000140000008e00000095000000
  - m_Vertices: 13000000170000009d000000a6000000
  - m_Vertices: 15000000710000008d000000
  - m_Vertices: 16000000700000009e000000
  - m_Vertices: 18000000260000003900000045000000
  - m_Vertices: 1b000000220000003a00000043000000
  - m_Vertices: 1d000000330000003e0000004c000000
  - m_Vertices: 1e000000290000003d00000048000000
  - m_Vertices: 210000002e000000400000004001000049010000
  - m_Vertices: f8000000420100004b010000
  - m_Vertices: 27000000360000004400000051000000
  - m_Vertices: 2a0000002d0000004b0000003801000041010000
  - m_Vertices: f40000003a01000043010000
  - m_Vertices: 32000000370000004d00000050000000
  - m_Vertices: 3800000046000000550000005d000000
  - m_Vertices: 3b0000004200000056000000fd000000
  - m_Vertices: 3c0000004900000059000000fe000000
  - m_Vertices: 3f0000004f0000005a00000060000000
  - m_Vertices: 41000000f9000000100100004501000048010000
  - m_Vertices: f7000000470100004a010000
  - m_Vertices: 47000000520000005c00000064000000
  - m_Vertices: 4a0000000201000003010000390100003c010000
  - m_Vertices: f50000003b0100003e010000
  - m_Vertices: 4e000000530000006100000067000000
  - m_Vertices: 540000005e0000006d00000081000000
  - m_Vertices: 570000006e0000007b000000fc000000
  - m_Vertices: 580000007500000088000000ff000000
  - m_Vertices: 5b000000630000007600000098000000
  - m_Vertices: 5f0000006500000080000000a1000000
  - m_Vertices: 620000006600000099000000a0000000
  - m_Vertices: 690000006c0000008200000084000000
  - m_Vertices: 6a0000006f0000007a0000007f000000
  - m_Vertices: 7200000074000000890000008c000000
  - m_Vertices: 73000000770000009b0000009f000000
  - m_Vertices: 78000000b5000000e9000000fb0000000c01000013010000
  - m_Vertices: 790000007c00000097000000b4000000d9000000e0000000
  - m_Vertices: 8300000087000000a2000000a4000000
  - m_Vertices: 8a0000008f00000094000000a9000000d8000000dd000000
  - m_Vertices: 8b000000a8000000ec0000000001000015010000190100001c010000
  - m_Vertices: 080100002b0100002e010000
  - m_Vertices: 1b0100001e010000290100002c010000
  - m_Vertices: 90000000ca000000cf000000
  - m_Vertices: 91000000cb000000d2000000
  - m_Vertices: 92000000d3000000d6000000
  - m_Vertices: 93000000ce000000d7000000
  - m_Vertices: 9a0000009c000000a3000000a7000000
  - m_Vertices: aa000000b8000000bd000000ed000000f0000000
  - m_Vertices: ab000000b9000000c0000000dc000000e5000000
  - m_Vertices: ac000000eb00000017010000
  - m_Vertices: ad000000ee00000016010000
  - m_Vertices: ae000000ea000000f3000000
  - m_Vertices: af000000ef000000f2000000
  - m_Vertices: b0000000da000000df000000
  - m_Vertices: b1000000db000000e2000000
  - m_Vertices: b2000000de000000e7000000
  - m_Vertices: b3000000e3000000e6000000
  - m_Vertices: b6000000c1000000c4000000e1000000e4000000
  - m_Vertices: b7000000bc000000c5000000e8000000f1000000
  - m_Vertices: ba000000bf000000c8000000cd000000
  - m_Vertices: bb000000c2000000c9000000d0000000
  - m_Vertices: be000000c7000000cc000000d5000000
  - m_Vertices: c3000000c6000000d1000000d4000000
  - m_Vertices: f60000003f01000046010000
  - m_Vertices: 06010000110100003d01000044010000
  - m_Vertices: fa0000000d0100000f010000
  - m_Vertices: 01010000040100001801000021010000
  - m_Vertices: 070100002a01000033010000
  - m_Vertices: 1a010000230100002801000031010000
  - m_Vertices: 050100000e010000120100002001000025010000
  - m_Vertices: 0a0100003201000037010000
  - m_Vertices: 22010000270100003001000035010000
  - m_Vertices: 090100002f01000036010000
  - m_Vertices: 1f010000260100002d01000034010000
  - m_Vertices: 0b010000140100001d01000024010000
  m_SharedTextures: []
  m_Positions:
  - {x: 1.1999998, y: 0, z: 0}
  - {x: 1.1999998, y: 0, z: -0.19999981}
  - {x: 1.1999998, y: 1.3388233, z: -0.19999981}
  - {x: 1.1999998, y: 1.3388233, z: 0}
  - {x: -1, y: 0, z: -0.19999981}
  - {x: -1, y: 0, z: 0}
  - {x: -1, y: 1.3388233, z: 0}
  - {x: -1, y: 1.3388233, z: -0.19999981}
  - {x: 1.1999998, y: 0, z: -0.19999981}
  - {x: 1.1999998, y: 0, z: -1.4000006}
  - {x: 1.1999998, y: 1.3388233, z: -1.4000006}
  - {x: 1.1999998, y: 1.3388233, z: -0.19999981}
  - {x: 1.1999998, y: 0, z: -1.4000006}
  - {x: 1.1999998, y: 0, z: -1.6000004}
  - {x: 1.1999998, y: 1.3388233, z: -1.6000004}
  - {x: 1.1999998, y: 1.3388233, z: -1.4000006}
  - {x: -1, y: 0, z: -0.19999981}
  - {x: -1, y: 1.3388233, z: -0.19999981}
  - {x: -1, y: 1.3388233, z: -1.4000006}
  - {x: -1, y: 0, z: -1.4000006}
  - {x: -1, y: 1.3388233, z: -1.4000006}
  - {x: -1, y: 1.3388233, z: -1.6000004}
  - {x: -1, y: 0, z: -1.6000004}
  - {x: -1, y: 0, z: -1.4000006}
  - {x: 1, y: 0, z: 0}
  - {x: 1.1999998, y: 0, z: 0}
  - {x: 1.1999998, y: 1.3388233, z: 0}
  - {x: 1, y: 1.3388233, z: 0}
  - {x: 1.1999998, y: 0, z: -1.6000004}
  - {x: 1, y: 0, z: -1.6000004}
  - {x: 1, y: 1.3388233, z: -1.6000004}
  - {x: 1.1999998, y: 1.3388233, z: -1.6000004}
  - {x: 1.1999998, y: 1.3388233, z: -0.19999981}
  - {x: 1, y: 1.3388233, z: -0.19999981}
  - {x: 1, y: 1.3388233, z: 0}
  - {x: 1.1999998, y: 1.3388233, z: 0}
  - {x: 1.1999998, y: 0, z: -0.19999981}
  - {x: 1.1999998, y: 0, z: 0}
  - {x: 1, y: 0, z: 0}
  - {x: 1, y: 0, z: -0.19999981}
  - {x: 1.1999998, y: 1.3388233, z: -1.6000004}
  - {x: 1, y: 1.3388233, z: -1.6000004}
  - {x: 1, y: 1.3388233, z: -1.4000006}
  - {x: 1.1999998, y: 1.3388233, z: -1.4000006}
  - {x: 1.1999998, y: 1.3388233, z: -1.4000006}
  - {x: 1, y: 1.3388233, z: -1.4000006}
  - {x: 1, y: 1.3388233, z: -0.19999981}
  - {x: 1.1999998, y: 1.3388233, z: -0.19999981}
  - {x: 1.1999998, y: 0, z: -1.6000004}
  - {x: 1.1999998, y: 0, z: -1.4000006}
  - {x: 1, y: 0, z: -1.4000006}
  - {x: 1, y: 0, z: -1.6000004}
  - {x: 1.1999998, y: 0, z: -1.4000006}
  - {x: 1.1999998, y: 0, z: -0.19999981}
  - {x: 1, y: 0, z: -0.19999981}
  - {x: 1, y: 0, z: -1.4000006}
  - {x: 0, y: 0, z: 0}
  - {x: 1, y: 0, z: 0}
  - {x: 1, y: 1.3388233, z: 0}
  - {x: 0, y: 1.3388233, z: 0}
  - {x: 0, y: 1.3388233, z: -1.6000004}
  - {x: 1, y: 1.3388233, z: -1.6000004}
  - {x: 1, y: 0, z: -1.6000004}
  - {x: 0, y: 0, z: -1.6000004}
  - {x: 1, y: 1.3388233, z: -0.19999981}
  - {x: 0, y: 1.3388233, z: -0.19999981}
  - {x: 0, y: 1.3388233, z: 0}
  - {x: 1, y: 1.3388233, z: 0}
  - {x: 1, y: 0, z: -0.19999981}
  - {x: 1, y: 0, z: 0}
  - {x: 0, y: 0, z: 0}
  - {x: 0, y: 0, z: -0.19999981}
  - {x: 1, y: 1.3388233, z: -1.6000004}
  - {x: 0, y: 1.3388233, z: -1.6000004}
  - {x: 0, y: 1.3388233, z: -1.4000006}
  - {x: 1, y: 1.3388233, z: -1.4000006}
  - {x: 1, y: 0, z: -1.6000004}
  - {x: 1, y: 0, z: -1.4000006}
  - {x: 0, y: 0, z: -1.4000006}
  - {x: 0, y: 0, z: -1.6000004}
  - {x: 1, y: 0, z: -1.4000006}
  - {x: 1, y: 0, z: -0.19999981}
  - {x: 0, y: 0, z: -0.19999981}
  - {x: 0, y: 0, z: -1.4000006}
  - {x: -0.19999999, y: 0, z: 0}
  - {x: 0, y: 0, z: 0}
  - {x: 0, y: 1.3388233, z: 0}
  - {x: -0.19999999, y: 1.3388233, z: 0}
  - {x: -0.19999999, y: 1.3388233, z: -1.6000004}
  - {x: 0, y: 1.3388233, z: -1.6000004}
  - {x: 0, y: 0, z: -1.6000004}
  - {x: -0.19999999, y: 0, z: -1.6000004}
  - {x: 0, y: 0, z: -0.19999981}
  - {x: 0, y: 0, z: 0}
  - {x: -0.19999999, y: 0, z: 0}
  - {x: -0.19999999, y: 0, z: -0.19999981}
  - {x: 0, y: 0, z: -1.6000004}
  - {x: 0, y: 0, z: -1.4000006}
  - {x: -0.19999999, y: 0, z: -1.4000006}
  - {x: -0.19999999, y: 0, z: -1.6000004}
  - {x: 0, y: 0, z: -0.19999981}
  - {x: -0.19999999, y: 0, z: -0.19999981}
  - {x: -0.19999999, y: 0, z: -1.4000006}
  - {x: 0, y: 0, z: -1.4000006}
  - {x: -1, y: 0, z: 0}
  - {x: -0.8, y: 0, z: 0}
  - {x: -0.79999995, y: 1.3388233, z: 0}
  - {x: -1, y: 1.3388233, z: 0}
  - {x: -0.8, y: 0, z: 0}
  - {x: -0.19999999, y: 0, z: 0}
  - {x: -0.19999999, y: 1.3388233, z: 0}
  - {x: -0.79999995, y: 1.3388233, z: 0}
  - {x: -1, y: 0, z: -1.6000004}
  - {x: -1, y: 1.3388233, z: -1.6000004}
  - {x: -0.79999995, y: 1.3388233, z: -1.6000004}
  - {x: -0.8, y: 0, z: -1.6000004}
  - {x: -0.79999995, y: 1.3388233, z: -1.6000004}
  - {x: -0.19999999, y: 1.3388233, z: -1.6000004}
  - {x: -0.19999999, y: 0, z: -1.6000004}
  - {x: -0.8, y: 0, z: -1.6000004}
  - {x: -0.19999999, y: 1.3388233, z: -0.19999981}
  - {x: -0.79999995, y: 1.3388233, z: -0.19999981}
  - {x: -0.79999995, y: 1.3388233, z: 0}
  - {x: -0.19999999, y: 1.3388233, z: 0}
  - {x: -0.79999995, y: 1.3388233, z: -0.19999981}
  - {x: -1, y: 1.3388233, z: -0.19999981}
  - {x: -1, y: 1.3388233, z: 0}
  - {x: -0.79999995, y: 1.3388233, z: 0}
  - {x: -0.19999999, y: 0, z: -0.19999981}
  - {x: -0.19999999, y: 0, z: 0}
  - {x: -0.8, y: 0, z: 0}
  - {x: -0.8, y: 0, z: -0.19999981}
  - {x: -0.8, y: 0, z: 0}
  - {x: -1, y: 0, z: 0}
  - {x: -1, y: 0, z: -0.19999981}
  - {x: -0.8, y: 0, z: -0.19999981}
  - {x: -0.19999999, y: 1.3388233, z: -1.6000004}
  - {x: -0.79999995, y: 1.3388233, z: -1.6000004}
  - {x: -0.79999995, y: 1.3388233, z: -1.4000006}
  - {x: -0.19999999, y: 1.3388233, z: -1.4000006}
  - {x: -0.79999995, y: 1.3388233, z: -1.6000004}
  - {x: -1, y: 1.3388233, z: -1.6000004}
  - {x: -1, y: 1.3388233, z: -1.4000006}
  - {x: -0.79999995, y: 1.3388233, z: -1.4000006}
  - {x: -0.21022224, y: 0.561177, z: -1.4000006}
  - {x: -0.76627195, y: 0.80258894, z: -1.4000006}
  - {x: -0.76627195, y: 0.80258894, z: -0.19999981}
  - {x: -0.21022224, y: 0.561177, z: -0.19999981}
  - {x: -0.79999995, y: 1.3388233, z: -1.4000006}
  - {x: -1, y: 1.3388233, z: -1.4000006}
  - {x: -1, y: 1.3388233, z: -0.19999981}
  - {x: -0.79999995, y: 1.3388233, z: -0.19999981}
  - {x: -0.19999999, y: 0, z: -1.6000004}
  - {x: -0.19999999, y: 0, z: -1.4000006}
  - {x: -0.8, y: 0, z: -1.4000006}
  - {x: -0.8, y: 0, z: -1.6000004}
  - {x: -0.8, y: 0, z: -1.4000006}
  - {x: -1, y: 0, z: -1.4000006}
  - {x: -1, y: 0, z: -1.6000004}
  - {x: -0.8, y: 0, z: -1.6000004}
  - {x: -0.19999999, y: 0, z: -1.4000006}
  - {x: -0.19999999, y: 0, z: -0.19999981}
  - {x: -0.8, y: 0, z: -0.19999981}
  - {x: -0.8, y: 0, z: -1.4000006}
  - {x: -0.8, y: 0, z: -0.19999981}
  - {x: -1, y: 0, z: -0.19999981}
  - {x: -1, y: 0, z: -1.4000006}
  - {x: -0.8, y: 0, z: -1.4000006}
  - {x: -0.19999999, y: 1.3388233, z: -1.4000006}
  - {x: -0.79999995, y: 1.3388233, z: -1.4000006}
  - {x: -0.120000005, y: 1.1388234, z: -1.4000006}
  - {x: -0.88, y: 1.1388234, z: -1.4000006}
  - {x: -0.39643246, y: 1.3388233, z: -0.19999981}
  - {x: -0.39643246, y: 1.3388233, z: -1.4000006}
  - {x: -0.39643246, y: 1.1388234, z: -0.19999981}
  - {x: -0.39643246, y: 1.1388234, z: -1.4000006}
  - {x: -0.71115196, y: 1.3198329, z: -1.4000006}
  - {x: -0.71115196, y: 1.3198329, z: -0.19999981}
  - {x: -0.71115196, y: 1.2635294, z: -1.4000006}
  - {x: -0.71115196, y: 1.2635294, z: -0.19999981}
  - {x: -0.79999995, y: 1.3388233, z: -0.19999981}
  - {x: -0.19999999, y: 1.3388233, z: -0.19999981}
  - {x: -0.88, y: 1.1388234, z: -0.19999981}
  - {x: -0.120000005, y: 1.1388234, z: -0.19999981}
  - {x: -0.120000005, y: 1.1388234, z: -1.4000006}
  - {x: -0.88, y: 1.1388234, z: -1.4000006}
  - {x: -0.120000005, y: 0.7388227, z: -1.4000006}
  - {x: -0.88, y: 0.873036, z: -1.4000006}
  - {x: -0.120000005, y: 1.1388234, z: -0.19999981}
  - {x: -0.120000005, y: 1.1388234, z: -1.4000006}
  - {x: -0.120000005, y: 0.7388227, z: -0.19999981}
  - {x: -0.120000005, y: 0.7388227, z: -1.4000006}
  - {x: -0.88, y: 1.1388234, z: -1.4000006}
  - {x: -0.88, y: 1.1388234, z: -0.19999981}
  - {x: -0.88, y: 0.873036, z: -1.4000006}
  - {x: -0.88, y: 0.873036, z: -0.19999981}
  - {x: -0.88, y: 1.1388234, z: -0.19999981}
  - {x: -0.120000005, y: 1.1388234, z: -0.19999981}
  - {x: -0.88, y: 0.873036, z: -0.19999981}
  - {x: -0.120000005, y: 0.7388227, z: -0.19999981}
  - {x: -0.120000005, y: 0.7388227, z: -1.4000006}
  - {x: -0.88, y: 0.873036, z: -1.4000006}
  - {x: -0.21022224, y: 0.561177, z: -1.4000006}
  - {x: -0.76627195, y: 0.80258894, z: -1.4000006}
  - {x: -0.120000005, y: 0.7388227, z: -0.19999981}
  - {x: -0.120000005, y: 0.7388227, z: -1.4000006}
  - {x: -0.21022224, y: 0.561177, z: -0.19999981}
  - {x: -0.21022224, y: 0.561177, z: -1.4000006}
  - {x: -0.88, y: 0.873036, z: -1.4000006}
  - {x: -0.88, y: 0.873036, z: -0.19999981}
  - {x: -0.76627195, y: 0.80258894, z: -1.4000006}
  - {x: -0.76627195, y: 0.80258894, z: -0.19999981}
  - {x: -0.88, y: 0.873036, z: -0.19999981}
  - {x: -0.120000005, y: 0.7388227, z: -0.19999981}
  - {x: -0.76627195, y: 0.80258894, z: -0.19999981}
  - {x: -0.21022224, y: 0.561177, z: -0.19999981}
  - {x: -0.79999995, y: 1.3388233, z: -1.4000006}
  - {x: -0.79999995, y: 1.3388233, z: -0.19999981}
  - {x: -0.71115196, y: 1.3198329, z: -1.4000006}
  - {x: -0.71115196, y: 1.3198329, z: -0.19999981}
  - {x: -0.88, y: 1.1388234, z: -1.4000006}
  - {x: -0.79999995, y: 1.3388233, z: -1.4000006}
  - {x: -0.71115196, y: 1.2635294, z: -1.4000006}
  - {x: -0.71115196, y: 1.3198329, z: -1.4000006}
  - {x: -0.79999995, y: 1.3388233, z: -0.19999981}
  - {x: -0.88, y: 1.1388234, z: -0.19999981}
  - {x: -0.71115196, y: 1.3198329, z: -0.19999981}
  - {x: -0.71115196, y: 1.2635294, z: -0.19999981}
  - {x: -0.88, y: 1.1388234, z: -0.19999981}
  - {x: -0.88, y: 1.1388234, z: -1.4000006}
  - {x: -0.71115196, y: 1.2635294, z: -0.19999981}
  - {x: -0.71115196, y: 1.2635294, z: -1.4000006}
  - {x: -0.120000005, y: 1.1388234, z: -0.19999981}
  - {x: -0.19999999, y: 1.3388233, z: -0.19999981}
  - {x: -0.39643246, y: 1.1388234, z: -0.19999981}
  - {x: -0.39643246, y: 1.3388233, z: -0.19999981}
  - {x: -0.19999999, y: 1.3388233, z: -1.4000006}
  - {x: -0.120000005, y: 1.1388234, z: -1.4000006}
  - {x: -0.39643246, y: 1.3388233, z: -1.4000006}
  - {x: -0.39643246, y: 1.1388234, z: -1.4000006}
  - {x: -0.120000005, y: 1.1388234, z: -1.4000006}
  - {x: -0.120000005, y: 1.1388234, z: -0.19999981}
  - {x: -0.39643246, y: 1.1388234, z: -1.4000006}
  - {x: -0.39643246, y: 1.1388234, z: -0.19999981}
  - {x: 1, y: 1.3202995, z: -1.4000006}
  - {x: 0, y: 1.3202995, z: -1.4000006}
  - {x: 0, y: 1.3202995, z: -0.8000002}
  - {x: 0, y: 1.3202995, z: -0.19999981}
  - {x: 1, y: 1.3202995, z: -0.19999981}
  - {x: 0, y: 1.3388233, z: -0.19999981}
  - {x: -0.099999994, y: 1.3388233, z: -0.19999981}
  - {x: -0.19999999, y: 1.3388233, z: -0.19999981}
  - {x: -0.19999999, y: 1.3388233, z: 0}
  - {x: 0, y: 1.3388233, z: 0}
  - {x: 0, y: 1.3388233, z: -1.6000004}
  - {x: -0.19999999, y: 1.3388233, z: -1.6000004}
  - {x: -0.19999999, y: 1.3388233, z: -1.4000006}
  - {x: -0.099999994, y: 1.3388233, z: -1.4000006}
  - {x: 0, y: 1.3388233, z: -1.4000006}
  - {x: 0, y: 1.3388233, z: -1.4000006}
  - {x: -0.099999994, y: 1.3388233, z: -1.4000006}
  - {x: -0.099999994, y: 1.3388233, z: -0.8000002}
  - {x: 0, y: 1.3388233, z: -0.8000002}
  - {x: -0.10709572, y: 1.3570305, z: -1.3574257}
  - {x: -0.1929043, y: 1.3570305, z: -1.3574257}
  - {x: -0.1929043, y: 1.3570305, z: -1.1999998}
  - {x: -0.10709572, y: 1.3570305, z: -1.1999998}
  - {x: -0.19999999, y: 1.3388233, z: -0.8000002}
  - {x: -0.19999999, y: 1.3388233, z: -0.19999981}
  - {x: -0.099999994, y: 1.3388233, z: -0.19999981}
  - {x: -0.099999994, y: 1.3388233, z: -0.8000002}
  - {x: -0.099999994, y: 1.3388233, z: -0.19999981}
  - {x: 0, y: 1.3388233, z: -0.19999981}
  - {x: 0, y: 1.3388233, z: -0.8000002}
  - {x: -0.099999994, y: 1.3388233, z: -0.8000002}
  - {x: -0.19999999, y: 1.3388233, z: -0.19999981}
  - {x: -0.19999999, y: 1.3388233, z: -0.8000002}
  - {x: -0.19999999, y: 1.3388233, z: -1.4000006}
  - {x: -0.39643246, y: 1.3388233, z: -1.4000006}
  - {x: -0.39643246, y: 1.3388233, z: -0.19999981}
  - {x: -0.099999994, y: 1.3388233, z: -1.4000006}
  - {x: -0.19999999, y: 1.3388233, z: -1.4000006}
  - {x: -0.10709572, y: 1.3388233, z: -1.3574257}
  - {x: -0.1929043, y: 1.3388233, z: -1.3574257}
  - {x: -0.19999999, y: 1.3388233, z: -1.4000006}
  - {x: -0.19999999, y: 1.3388233, z: -0.8000002}
  - {x: -0.1929043, y: 1.3388233, z: -1.3574257}
  - {x: -0.1929043, y: 1.3388233, z: -1.1999998}
  - {x: -0.099999994, y: 1.3388233, z: -0.8000002}
  - {x: -0.099999994, y: 1.3388233, z: -1.4000006}
  - {x: -0.10709572, y: 1.3388233, z: -1.1999998}
  - {x: -0.10709572, y: 1.3388233, z: -1.3574257}
  - {x: -0.19999999, y: 1.3388233, z: -0.8000002}
  - {x: -0.099999994, y: 1.3388233, z: -0.8000002}
  - {x: -0.1929043, y: 1.3388233, z: -1.1999998}
  - {x: -0.10709572, y: 1.3388233, z: -1.1999998}
  - {x: -0.10709572, y: 1.3388233, z: -1.3574257}
  - {x: -0.1929043, y: 1.3388233, z: -1.3574257}
  - {x: -0.10709572, y: 1.3570305, z: -1.3574257}
  - {x: -0.1929043, y: 1.3570305, z: -1.3574257}
  - {x: -0.1929043, y: 1.3388233, z: -1.3574257}
  - {x: -0.1929043, y: 1.3388233, z: -1.1999998}
  - {x: -0.1929043, y: 1.3570305, z: -1.3574257}
  - {x: -0.1929043, y: 1.3570305, z: -1.1999998}
  - {x: -0.10709572, y: 1.3388233, z: -1.1999998}
  - {x: -0.10709572, y: 1.3388233, z: -1.3574257}
  - {x: -0.10709572, y: 1.3570305, z: -1.1999998}
  - {x: -0.10709572, y: 1.3570305, z: -1.3574257}
  - {x: -0.1929043, y: 1.3388233, z: -1.1999998}
  - {x: -0.10709572, y: 1.3388233, z: -1.1999998}
  - {x: -0.1929043, y: 1.3570305, z: -1.1999998}
  - {x: -0.10709572, y: 1.3570305, z: -1.1999998}
  - {x: 1, y: 1.3388233, z: -1.4000006}
  - {x: 0, y: 1.3388233, z: -1.4000006}
  - {x: 1, y: 1.3202995, z: -1.4000006}
  - {x: 0, y: 1.3202995, z: -1.4000006}
  - {x: 0, y: 1.3388233, z: -1.4000006}
  - {x: 0, y: 1.3388233, z: -0.8000002}
  - {x: 0, y: 1.3202995, z: -1.4000006}
  - {x: 0, y: 1.3202995, z: -0.8000002}
  - {x: 1, y: 1.3388233, z: -0.19999981}
  - {x: 1, y: 1.3388233, z: -1.4000006}
  - {x: 1, y: 1.3202995, z: -0.19999981}
  - {x: 1, y: 1.3202995, z: -1.4000006}
  - {x: 0, y: 1.3388233, z: -0.8000002}
  - {x: 0, y: 1.3388233, z: -0.19999981}
  - {x: 0, y: 1.3202995, z: -0.8000002}
  - {x: 0, y: 1.3202995, z: -0.19999981}
  - {x: 0, y: 1.3388233, z: -0.19999981}
  - {x: 1, y: 1.3388233, z: -0.19999981}
  - {x: 0, y: 1.3202995, z: -0.19999981}
  - {x: 1, y: 1.3202995, z: -0.19999981}
  m_Textures0:
  - {x: 0, y: 0}
  - {x: -0.19999981, y: 0}
  - {x: -0.19999981, y: 1.3388233}
  - {x: 0, y: 1.3388233}
  - {x: 0.19999981, y: 0}
  - {x: 0, y: 0}
  - {x: 0, y: 1.3388233}
  - {x: 0.19999981, y: 1.3388233}
  - {x: -0.19999981, y: 0}
  - {x: -1.4000006, y: 0}
  - {x: -1.4000006, y: 1.3388233}
  - {x: -0.19999981, y: 1.3388233}
  - {x: -1.4000006, y: 0}
  - {x: -1.6000004, y: 0}
  - {x: -1.6000004, y: 1.3388233}
  - {x: -1.4000006, y: 1.3388233}
  - {x: 0.19999981, y: 0}
  - {x: 0.19999981, y: 1.3388233}
  - {x: 1.4000006, y: 1.3388233}
  - {x: 1.4000006, y: 0}
  - {x: 1.4000006, y: 1.3388233}
  - {x: 1.6000004, y: 1.3388233}
  - {x: 1.6000004, y: 0}
  - {x: 1.4000006, y: 0}
  - {x: -1, y: 0}
  - {x: -1.1999998, y: 0}
  - {x: -1.1999998, y: 1.3388233}
  - {x: -1, y: 1.3388233}
  - {x: 1.1999998, y: 0}
  - {x: 1, y: 0}
  - {x: 1, y: 1.3388233}
  - {x: 1.1999998, y: 1.3388233}
  - {x: 1.1999998, y: -0.19999981}
  - {x: 1, y: -0.19999981}
  - {x: 1, y: 0}
  - {x: 1.1999998, y: 0}
  - {x: -1.1999998, y: -0.19999981}
  - {x: -1.1999998, y: 0}
  - {x: -1, y: 0}
  - {x: -1, y: -0.19999981}
  - {x: 1.1999998, y: -1.6000004}
  - {x: 1, y: -1.6000004}
  - {x: 1, y: -1.4000006}
  - {x: 1.1999998, y: -1.4000006}
  - {x: 1.1999998, y: -1.4000006}
  - {x: 1, y: -1.4000006}
  - {x: 1, y: -0.19999981}
  - {x: 1.1999998, y: -0.19999981}
  - {x: -1.1999998, y: -1.6000004}
  - {x: -1.1999998, y: -1.4000006}
  - {x: -1, y: -1.4000006}
  - {x: -1, y: -1.6000004}
  - {x: -1.1999998, y: -1.4000006}
  - {x: -1.1999998, y: -0.19999981}
  - {x: -1, y: -0.19999981}
  - {x: -1, y: -1.4000006}
  - {x: 0, y: 0}
  - {x: -1, y: 0}
  - {x: -1, y: 1.3388233}
  - {x: 0, y: 1.3388233}
  - {x: 0, y: 1.3388233}
  - {x: 1, y: 1.3388233}
  - {x: 1, y: 0}
  - {x: 0, y: 0}
  - {x: 1, y: -0.19999981}
  - {x: 0, y: -0.19999981}
  - {x: 0, y: 0}
  - {x: 1, y: 0}
  - {x: -1, y: -0.19999981}
  - {x: -1, y: 0}
  - {x: 0, y: 0}
  - {x: 0, y: -0.19999981}
  - {x: 1, y: -1.6000004}
  - {x: 0, y: -1.6000004}
  - {x: 0, y: -1.4000006}
  - {x: 1, y: -1.4000006}
  - {x: -1, y: -1.6000004}
  - {x: -1, y: -1.4000006}
  - {x: 0, y: -1.4000006}
  - {x: 0, y: -1.6000004}
  - {x: -1, y: -1.4000006}
  - {x: -1, y: -0.19999981}
  - {x: 0, y: -0.19999981}
  - {x: 0, y: -1.4000006}
  - {x: 0.19999999, y: 0}
  - {x: 0, y: 0}
  - {x: 0, y: 1.3388233}
  - {x: 0.19999999, y: 1.3388233}
  - {x: -0.19999999, y: 1.3388233}
  - {x: 0, y: 1.3388233}
  - {x: 0, y: 0}
  - {x: -0.19999999, y: 0}
  - {x: 0, y: -0.19999981}
  - {x: 0, y: 0}
  - {x: 0.19999999, y: 0}
  - {x: 0.19999999, y: -0.19999981}
  - {x: 0, y: -1.6000004}
  - {x: 0, y: -1.4000006}
  - {x: 0.19999999, y: -1.4000006}
  - {x: 0.19999999, y: -1.6000004}
  - {x: 0, y: -0.19999981}
  - {x: 0.19999999, y: -0.19999981}
  - {x: 0.19999999, y: -1.4000006}
  - {x: 0, y: -1.4000006}
  - {x: 1, y: 0}
  - {x: 0.8, y: 0}
  - {x: 0.79999995, y: 1.3388233}
  - {x: 1, y: 1.3388233}
  - {x: 0.8, y: 0}
  - {x: 0.19999999, y: 0}
  - {x: 0.19999999, y: 1.3388233}
  - {x: 0.79999995, y: 1.3388233}
  - {x: -1, y: 0}
  - {x: -1, y: 1.3388233}
  - {x: -0.79999995, y: 1.3388233}
  - {x: -0.8, y: 0}
  - {x: -0.79999995, y: 1.3388233}
  - {x: -0.19999999, y: 1.3388233}
  - {x: -0.19999999, y: 0}
  - {x: -0.8, y: 0}
  - {x: -0.19999999, y: -0.19999981}
  - {x: -0.79999995, y: -0.19999981}
  - {x: -0.79999995, y: 0}
  - {x: -0.19999999, y: 0}
  - {x: -0.79999995, y: -0.19999981}
  - {x: -1, y: -0.19999981}
  - {x: -1, y: 0}
  - {x: -0.79999995, y: 0}
  - {x: 0.19999999, y: -0.19999981}
  - {x: 0.19999999, y: 0}
  - {x: 0.8, y: 0}
  - {x: 0.8, y: -0.19999981}
  - {x: 0.8, y: 0}
  - {x: 1, y: 0}
  - {x: 1, y: -0.19999981}
  - {x: 0.8, y: -0.19999981}
  - {x: -0.19999999, y: -1.6000004}
  - {x: -0.79999995, y: -1.6000004}
  - {x: -0.79999995, y: -1.4000006}
  - {x: -0.19999999, y: -1.4000006}
  - {x: -0.79999995, y: -1.6000004}
  - {x: -1, y: -1.6000004}
  - {x: -1, y: -1.4000006}
  - {x: -0.79999995, y: -1.4000006}
  - {x: -0.41631705, y: -1.4000006}
  - {x: -1.0225109, y: -1.4000006}
  - {x: -1.0225109, y: -0.19999981}
  - {x: -0.41631705, y: -0.19999981}
  - {x: -0.79999995, y: -1.4000006}
  - {x: -1, y: -1.4000006}
  - {x: -1, y: -0.19999981}
  - {x: -0.79999995, y: -0.19999981}
  - {x: 0.19999999, y: -1.6000004}
  - {x: 0.19999999, y: -1.4000006}
  - {x: 0.8, y: -1.4000006}
  - {x: 0.8, y: -1.6000004}
  - {x: 0.8, y: -1.4000006}
  - {x: 1, y: -1.4000006}
  - {x: 1, y: -1.6000004}
  - {x: 0.8, y: -1.6000004}
  - {x: 0.19999999, y: -1.4000006}
  - {x: 0.19999999, y: -0.19999981}
  - {x: 0.8, y: -0.19999981}
  - {x: 0.8, y: -1.4000006}
  - {x: 0.8, y: -0.19999981}
  - {x: 1, y: -0.19999981}
  - {x: 1, y: -1.4000006}
  - {x: 0.8, y: -1.4000006}
  - {x: 0.19999999, y: 1.3388233}
  - {x: 0.79999995, y: 1.3388233}
  - {x: 0.120000005, y: 1.1388234}
  - {x: 0.88, y: 1.1388234}
  - {x: 0.19999981, y: 1.3388233}
  - {x: 1.4000006, y: 1.3388233}
  - {x: 0.19999981, y: 1.1388234}
  - {x: 1.4000006, y: 1.1388234}
  - {x: -1.4000006, y: 1.3198329}
  - {x: -0.19999981, y: 1.3198329}
  - {x: -1.4000006, y: 1.2635294}
  - {x: -0.19999981, y: 1.2635294}
  - {x: -0.79999995, y: 1.3388233}
  - {x: -0.19999999, y: 1.3388233}
  - {x: -0.88, y: 1.1388234}
  - {x: -0.120000005, y: 1.1388234}
  - {x: 0.120000005, y: 1.1388234}
  - {x: 0.88, y: 1.1388234}
  - {x: 0.120000005, y: 0.7388227}
  - {x: 0.88, y: 0.873036}
  - {x: 0.19999981, y: 1.1388234}
  - {x: 1.4000006, y: 1.1388234}
  - {x: 0.19999981, y: 0.7388227}
  - {x: 1.4000006, y: 0.7388227}
  - {x: -1.4000006, y: 1.1388234}
  - {x: -0.19999981, y: 1.1388234}
  - {x: -1.4000006, y: 0.873036}
  - {x: -0.19999981, y: 0.873036}
  - {x: -0.88, y: 1.1388234}
  - {x: -0.120000005, y: 1.1388234}
  - {x: -0.88, y: 0.873036}
  - {x: -0.120000005, y: 0.7388227}
  - {x: 0.120000005, y: 0.7388227}
  - {x: 0.88, y: 0.873036}
  - {x: 0.21022224, y: 0.561177}
  - {x: 0.76627195, y: 0.80258894}
  - {x: 0.19999981, y: 0.60439557}
  - {x: 1.4000006, y: 0.60439557}
  - {x: 0.19999981, y: 0.4051519}
  - {x: 1.4000006, y: 0.4051519}
  - {x: -1.2078379, y: -1.4000006}
  - {x: -1.2078379, y: -0.19999981}
  - {x: -1.0740588, y: -1.4000006}
  - {x: -1.0740588, y: -0.19999981}
  - {x: -0.88, y: 0.873036}
  - {x: -0.120000005, y: 0.7388227}
  - {x: -0.76627195, y: 0.80258894}
  - {x: -0.21022224, y: 0.561177}
  - {x: -1.0621688, y: -1.4000006}
  - {x: -1.0621688, y: -0.19999981}
  - {x: -0.971314, y: -1.4000006}
  - {x: -0.971314, y: -0.19999981}
  - {x: -0.88, y: 1.1388234}
  - {x: -0.79999995, y: 1.3388233}
  - {x: -0.71115196, y: 1.2635294}
  - {x: -0.71115196, y: 1.3198329}
  - {x: 0.79999995, y: 1.3388233}
  - {x: 0.88, y: 1.1388234}
  - {x: 0.71115196, y: 1.3198329}
  - {x: 0.71115196, y: 1.2635294}
  - {x: 0.031290635, y: -0.19999981}
  - {x: 0.031290635, y: -1.4000006}
  - {x: -0.17861709, y: -0.19999981}
  - {x: -0.17861709, y: -1.4000006}
  - {x: 0.120000005, y: 1.1388234}
  - {x: 0.19999999, y: 1.3388233}
  - {x: 0.39643246, y: 1.1388234}
  - {x: 0.39643246, y: 1.3388233}
  - {x: -0.19999999, y: 1.3388233}
  - {x: -0.120000005, y: 1.1388234}
  - {x: -0.39643246, y: 1.3388233}
  - {x: -0.39643246, y: 1.1388234}
  - {x: 0.120000005, y: -1.4000006}
  - {x: 0.120000005, y: -0.19999981}
  - {x: 0.39643246, y: -1.4000006}
  - {x: 0.39643246, y: -0.19999981}
  - {x: 0.9349888, y: 1.0932617}
  - {x: 0.93498874, y: -0.09326172}
  - {x: 0.57924074, y: -0.09326172}
  - {x: 0.22349277, y: -0.09326172}
  - {x: 0.22349283, y: 1.0932617}
  - {x: 0, y: -0.19999981}
  - {x: -0.099999994, y: -0.19999981}
  - {x: -0.19999999, y: -0.19999981}
  - {x: -0.19999999, y: 0}
  - {x: 0, y: 0}
  - {x: 0, y: -1.6000004}
  - {x: -0.19999999, y: -1.6000004}
  - {x: -0.19999999, y: -1.4000006}
  - {x: -0.099999994, y: -1.4000006}
  - {x: 0, y: -1.4000006}
  - {x: 0, y: -1.4000006}
  - {x: -0.099999994, y: -1.4000006}
  - {x: -0.099999994, y: -0.8000002}
  - {x: 0, y: -0.8000002}
  - {x: -0.10709572, y: -1.3574257}
  - {x: -0.1929043, y: -1.3574257}
  - {x: -0.1929043, y: -1.1999998}
  - {x: -0.10709572, y: -1.1999998}
  - {x: -0.19999999, y: -0.8000002}
  - {x: -0.19999999, y: -0.19999981}
  - {x: -0.099999994, y: -0.19999981}
  - {x: -0.099999994, y: -0.8000002}
  - {x: -0.099999994, y: -0.19999981}
  - {x: 0, y: -0.19999981}
  - {x: 0, y: -0.8000002}
  - {x: -0.099999994, y: -0.8000002}
  - {x: -0.19999999, y: -0.19999981}
  - {x: -0.19999999, y: -0.8000002}
  - {x: -0.19999999, y: -1.4000006}
  - {x: -0.39643246, y: -1.4000006}
  - {x: -0.39643246, y: -0.19999981}
  - {x: -0.099999994, y: -1.4000006}
  - {x: -0.19999999, y: -1.4000006}
  - {x: -0.10709572, y: -1.3574257}
  - {x: -0.1929043, y: -1.3574257}
  - {x: -0.19999999, y: -1.4000006}
  - {x: -0.19999999, y: -0.8000002}
  - {x: -0.1929043, y: -1.3574257}
  - {x: -0.1929043, y: -1.1999998}
  - {x: -0.099999994, y: -0.8000002}
  - {x: -0.099999994, y: -1.4000006}
  - {x: -0.10709572, y: -1.1999998}
  - {x: -0.10709572, y: -1.3574257}
  - {x: -0.19999999, y: -0.8000002}
  - {x: -0.099999994, y: -0.8000002}
  - {x: -0.1929043, y: -1.1999998}
  - {x: -0.10709572, y: -1.1999998}
  - {x: -0.10709572, y: 1.3388233}
  - {x: -0.1929043, y: 1.3388233}
  - {x: -0.10709572, y: 1.3570305}
  - {x: -0.1929043, y: 1.3570305}
  - {x: 1.3574257, y: 1.3388233}
  - {x: 1.1999998, y: 1.3388233}
  - {x: 1.3574257, y: 1.3570305}
  - {x: 1.1999998, y: 1.3570305}
  - {x: -1.1999998, y: 1.3388233}
  - {x: -1.3574257, y: 1.3388233}
  - {x: -1.1999998, y: 1.3570305}
  - {x: -1.3574257, y: 1.3570305}
  - {x: 0.1929043, y: 1.3388233}
  - {x: 0.10709572, y: 1.3388233}
  - {x: 0.1929043, y: 1.3570305}
  - {x: 0.10709572, y: 1.3570305}
  - {x: -1, y: 1.3388233}
  - {x: 0, y: 1.3388233}
  - {x: -1, y: 1.3202995}
  - {x: 0, y: 1.3202995}
  - {x: -1.4000006, y: 1.3388233}
  - {x: -0.8000002, y: 1.3388233}
  - {x: -1.4000006, y: 1.3202995}
  - {x: -0.8000002, y: 1.3202995}
  - {x: 0.19999981, y: 1.3388233}
  - {x: 1.4000006, y: 1.3388233}
  - {x: 0.19999981, y: 1.3202995}
  - {x: 1.4000006, y: 1.3202995}
  - {x: -0.8000002, y: 1.3388233}
  - {x: -0.19999981, y: 1.3388233}
  - {x: -0.8000002, y: 1.3202995}
  - {x: -0.19999981, y: 1.3202995}
  - {x: 0, y: 1.3388233}
  - {x: 1, y: 1.3388233}
  - {x: 0, y: 1.3202995}
  - {x: 1, y: 1.3202995}
  m_Textures2: []
  m_Textures3: []
  m_Tangents:
  - {x: 0, y: 0, z: 1, w: -1}
  - {x: 0, y: 0, z: 1, w: -1}
  - {x: 0, y: 0, z: 1, w: -1}
  - {x: 0, y: 0, z: 1, w: -1}
  - {x: 0, y: 0, z: -1, w: -1}
  - {x: 0, y: 0, z: -1, w: -1}
  - {x: 0, y: 0, z: -1, w: -1}
  - {x: 0, y: 0, z: -1, w: -1}
  - {x: 0, y: 0, z: 1, w: -1}
  - {x: 0, y: 0, z: 1, w: -1}
  - {x: 0, y: 0, z: 1, w: -1}
  - {x: 0, y: 0, z: 1, w: -1}
  - {x: 0, y: 0, z: 1, w: -1}
  - {x: 0, y: 0, z: 1, w: -1}
  - {x: 0, y: 0, z: 1, w: -1}
  - {x: 0, y: 0, z: 1, w: -1}
  - {x: 0, y: 0, z: -1, w: -1}
  - {x: 0, y: 0, z: -1, w: -1}
  - {x: 0, y: 0, z: -1, w: -1}
  - {x: 0, y: 0, z: -1, w: -1}
  - {x: 0, y: 0, z: -1, w: -1}
  - {x: 0, y: 0, z: -1, w: -1}
  - {x: 0, y: 0, z: -1, w: -1}
  - {x: 0, y: 0, z: -1, w: -1}
  - {x: -1, y: 0, z: 0, w: -1}
  - {x: -1, y: 0, z: 0, w: -1}
  - {x: -1, y: 0, z: 0, w: -1}
  - {x: -1, y: 0, z: 0, w: -1}
  - {x: 1, y: 0, z: 0, w: -1}
  - {x: 1, y: 0, z: 0, w: -1}
  - {x: 1, y: 0, z: 0, w: -1}
  - {x: 1, y: 0, z: 0, w: -1}
  - {x: 1, y: 0, z: 0, w: -1}
  - {x: 1, y: 0, z: 0, w: -1}
  - {x: 1, y: 0, z: 0, w: -1}
  - {x: 1, y: 0, z: 0, w: -1}
  - {x: -1, y: 0, z: 0, w: -1}
  - {x: -1, y: 0, z: 0, w: -1}
  - {x: -1, y: 0, z: 0, w: -1}
  - {x: -1, y: 0, z: 0, w: -1}
  - {x: 1, y: 0, z: 0, w: -1}
  - {x: 1, y: 0, z: 0, w: -1}
  - {x: 1, y: 0, z: 0, w: -1}
  - {x: 1, y: 0, z: 0, w: -1}
  - {x: 1, y: 0, z: 0, w: -1}
  - {x: 1, y: 0, z: 0, w: -1}
  - {x: 1, y: 0, z: 0, w: -1}
  - {x: 1, y: 0, z: 0, w: -1}
  - {x: -1, y: 0, z: 0, w: -1}
  - {x: -1, y: 0, z: 0, w: -1}
  - {x: -1, y: 0, z: 0, w: -1}
  - {x: -1, y: 0, z: 0, w: -1}
  - {x: -1, y: 0, z: 0, w: -1}
  - {x: -1, y: 0, z: 0, w: -1}
  - {x: -1, y: 0, z: 0, w: -1}
  - {x: -1, y: 0, z: 0, w: -1}
  - {x: -1, y: 0, z: 0, w: -1}
  - {x: -1, y: 0, z: 0, w: -1}
  - {x: -1, y: 0, z: 0, w: -1}
  - {x: -1, y: 0, z: 0, w: -1}
  - {x: 1, y: 0, z: 0, w: -1}
  - {x: 1, y: 0, z: 0, w: -1}
  - {x: 1, y: 0, z: 0, w: -1}
  - {x: 1, y: 0, z: 0, w: -1}
  - {x: 1, y: 0, z: 0, w: -1}
  - {x: 1, y: 0, z: 0, w: -1}
  - {x: 1, y: 0, z: 0, w: -1}
  - {x: 1, y: 0, z: 0, w: -1}
  - {x: -1, y: 0, z: 0, w: -1}
  - {x: -1, y: 0, z: 0, w: -1}
  - {x: -1, y: 0, z: 0, w: -1}
  - {x: -1, y: 0, z: 0, w: -1}
  - {x: 1, y: 0, z: 0, w: -1}
  - {x: 1, y: 0, z: 0, w: -1}
  - {x: 1, y: 0, z: 0, w: -1}
  - {x: 1, y: 0, z: 0, w: -1}
  - {x: -1, y: 0, z: 0, w: -1}
  - {x: -1, y: 0, z: 0, w: -1}
  - {x: -1, y: 0, z: 0, w: -1}
  - {x: -1, y: 0, z: 0, w: -1}
  - {x: -1, y: 0, z: 0, w: -1}
  - {x: -1, y: 0, z: 0, w: -1}
  - {x: -1, y: 0, z: 0, w: -1}
  - {x: -1, y: 0, z: 0, w: -1}
  - {x: -1, y: 0, z: 0, w: -1}
  - {x: -1, y: 0, z: 0, w: -1}
  - {x: -1, y: 0, z: 0, w: -1}
  - {x: -1, y: 0, z: 0, w: -1}
  - {x: 1, y: 0, z: 0, w: -1}
  - {x: 1, y: 0, z: 0, w: -1}
  - {x: 1, y: 0, z: 0, w: -1}
  - {x: 1, y: 0, z: 0, w: -1}
  - {x: -1, y: 0, z: 0, w: -1}
  - {x: -1, y: 0, z: 0, w: -1}
  - {x: -1, y: 0, z: 0, w: -1}
  - {x: -1, y: 0, z: 0, w: -1}
  - {x: -1, y: 0, z: 0, w: -1}
  - {x: -1, y: 0, z: 0, w: -1}
  - {x: -1, y: 0, z: 0, w: -1}
  - {x: -1, y: 0, z: 0, w: -1}
  - {x: -1, y: 0, z: 0, w: -1}
  - {x: -1, y: 0, z: 0, w: -1}
  - {x: -1, y: 0, z: 0, w: -1}
  - {x: -1, y: 0, z: 0, w: -1}
  - {x: -1, y: 0, z: 0, w: -1}
  - {x: -1, y: 0, z: 0, w: -1}
  - {x: -1, y: 0, z: 0, w: -1}
  - {x: -1, y: 0, z: 0, w: -1}
  - {x: -1, y: 0, z: 0, w: -1}
  - {x: -1, y: 0, z: 0, w: -1}
  - {x: -1, y: 0, z: 0, w: -1}
  - {x: -1, y: 0, z: 0, w: -1}
  - {x: 1, y: 0, z: 0, w: -1}
  - {x: 1, y: 0, z: 0, w: -1}
  - {x: 1, y: 0, z: 0, w: -1}
  - {x: 1, y: 0, z: 0, w: -1}
  - {x: 1, y: 0, z: 0, w: -1}
  - {x: 1, y: 0, z: 0, w: -1}
  - {x: 1, y: 0, z: 0, w: -1}
  - {x: 1, y: 0, z: 0, w: -1}
  - {x: 1, y: 0, z: 0, w: -1}
  - {x: 1, y: 0, z: 0, w: -1}
  - {x: 1, y: 0, z: 0, w: -1}
  - {x: 1, y: 0, z: 0, w: -1}
  - {x: 1, y: 0, z: 0, w: -1}
  - {x: 1, y: 0, z: 0, w: -1}
  - {x: 1, y: 0, z: 0, w: -1}
  - {x: 1, y: 0, z: 0, w: -1}
  - {x: -1, y: 0, z: 0, w: -1}
  - {x: -1, y: 0, z: 0, w: -1}
  - {x: -1, y: 0, z: 0, w: -1}
  - {x: -1, y: 0, z: 0, w: -1}
  - {x: -1, y: 0, z: 0, w: -1}
  - {x: -1, y: 0, z: 0, w: -1}
  - {x: -1, y: 0, z: 0, w: -1}
  - {x: -1, y: 0, z: 0, w: -1}
  - {x: 1, y: 0, z: 0, w: -1}
  - {x: 1, y: 0, z: 0, w: -1}
  - {x: 1, y: 0, z: 0, w: -1}
  - {x: 1, y: 0, z: 0, w: -1}
  - {x: 1, y: 0, z: 0, w: -1}
  - {x: 1, y: 0, z: 0, w: -1}
  - {x: 1, y: 0, z: 0, w: -1}
  - {x: 1, y: 0, z: 0, w: -1}
  - {x: 0.9172804, y: -0.39824215, z: 0, w: -1}
  - {x: 0.88602626, y: -0.46363503, z: 0, w: -1}
  - {x: 0.88602626, y: -0.46363503, z: 0, w: -1}
  - {x: 0.9172804, y: -0.39824215, z: 0, w: -1}
  - {x: 1, y: 0, z: 0, w: -1}
  - {x: 1, y: 0, z: 0, w: -1}
  - {x: 1, y: 0, z: 0, w: -1}
  - {x: 1, y: 0, z: 0, w: -1}
  - {x: -1, y: 0, z: 0, w: -1}
  - {x: -1, y: 0, z: 0, w: -1}
  - {x: -1, y: 0, z: 0, w: -1}
  - {x: -1, y: 0, z: 0, w: -1}
  - {x: -1, y: 0, z: 0, w: -1}
  - {x: -1, y: 0, z: 0, w: -1}
  - {x: -1, y: 0, z: 0, w: -1}
  - {x: -1, y: 0, z: 0, w: -1}
  - {x: -1, y: 0, z: 0, w: -1}
  - {x: -1, y: 0, z: 0, w: -1}
  - {x: -1, y: 0, z: 0, w: -1}
  - {x: -1, y: 0, z: 0, w: -1}
  - {x: -1, y: 0, z: 0, w: -1}
  - {x: -1, y: 0, z: 0, w: -1}
  - {x: -1, y: 0, z: 0, w: -1}
  - {x: -1, y: 0, z: 0, w: -1}
  - {x: -1, y: 0, z: 0, w: -1}
  - {x: -1, y: 0, z: 0, w: -1}
  - {x: -1, y: 0, z: 0, w: -1}
  - {x: -1, y: 0, z: 0, w: -1}
  - {x: 0, y: 0, z: -1, w: -1}
  - {x: 0, y: 0, z: -1, w: -1}
  - {x: 0, y: 0, z: -1, w: -1}
  - {x: 0, y: 0, z: -1, w: -1}
  - {x: 0, y: 0, z: 1, w: -1}
  - {x: 0, y: 0, z: 1, w: -1}
  - {x: 0, y: 0, z: 1, w: -1}
  - {x: 0, y: 0, z: 1, w: -1}
  - {x: 1, y: 0, z: 0, w: -1}
  - {x: 1, y: 0, z: 0, w: -1}
  - {x: 1, y: 0, z: 0, w: -1}
  - {x: 1, y: 0, z: 0, w: -1}
  - {x: -1, y: 0, z: 0, w: -1}
  - {x: -1, y: 0, z: 0, w: -1}
  - {x: -1, y: 0, z: 0, w: -1}
  - {x: -1, y: 0, z: 0, w: -1}
  - {x: 0, y: 0, z: -1, w: -1}
  - {x: 0, y: 0, z: -1, w: -1}
  - {x: 0, y: 0, z: -1, w: -1}
  - {x: 0, y: 0, z: -1, w: -1}
  - {x: 0, y: 0, z: 1, w: -1}
  - {x: 0, y: 0, z: 1, w: -1}
  - {x: 0, y: 0, z: 1, w: -1}
  - {x: 0, y: 0, z: 1, w: -1}
  - {x: 1, y: 0, z: 0, w: -1}
  - {x: 1, y: 0, z: 0, w: -1}
  - {x: 1, y: 0, z: 0, w: -1}
  - {x: 1, y: 0, z: 0, w: -1}
  - {x: -1, y: 0, z: 0, w: -1}
  - {x: -1, y: 0, z: 0, w: -1}
  - {x: -1, y: 0, z: 0, w: -1}
  - {x: -1, y: 0, z: 0, w: -1}
  - {x: 0, y: 0, z: -1, w: -1}
  - {x: 0, y: 0, z: -1, w: -1}
  - {x: 0, y: 0, z: -1, w: -1}
  - {x: 0, y: 0, z: -1, w: -1}
  - {x: 0.48652205, y: -0.8736683, z: 0, w: -1}
  - {x: 0.48652205, y: -0.8736683, z: 0, w: -1}
  - {x: 0.88602626, y: -0.46363503, z: 0, w: -1}
  - {x: 0.88602626, y: -0.46363503, z: 0, w: -1}
  - {x: 1, y: 0, z: 0, w: -1}
  - {x: 1, y: 0, z: 0, w: -1}
  - {x: 1, y: 0, z: 0, w: -1}
  - {x: 1, y: 0, z: 0, w: -1}
  - {x: 0.9779116, y: -0.20901912, z: 0, w: -1}
  - {x: 0.9779116, y: -0.20901912, z: 0, w: -1}
  - {x: 0.9779116, y: -0.20901912, z: 0, w: -1}
  - {x: 0.9779116, y: -0.20901912, z: 0, w: -1}
  - {x: 1, y: 0, z: 0, w: -1}
  - {x: 1, y: 0, z: 0, w: -1}
  - {x: 1, y: 0, z: 0, w: -1}
  - {x: 1, y: 0, z: 0, w: -1}
  - {x: -1, y: 0, z: 0, w: -1}
  - {x: -1, y: 0, z: 0, w: -1}
  - {x: -1, y: 0, z: 0, w: -1}
  - {x: -1, y: 0, z: 0, w: -1}
  - {x: -0.45050016, y: -0.89277637, z: 0, w: -1}
  - {x: -0.45050016, y: -0.89277637, z: 0, w: -1}
  - {x: -0.8043918, y: -0.5940992, z: 0, w: -1}
  - {x: -0.8043918, y: -0.5940992, z: 0, w: -1}
  - {x: -1, y: 0, z: 0, w: -1}
  - {x: -1, y: 0, z: 0, w: -1}
  - {x: -1, y: 0, z: 0, w: -1}
  - {x: -1, y: 0, z: 0, w: -1}
  - {x: 1, y: 0, z: 0, w: -1}
  - {x: 1, y: 0, z: 0, w: -1}
  - {x: 1, y: 0, z: 0, w: -1}
  - {x: 1, y: 0, z: 0, w: -1}
  - {x: -1, y: 0, z: 0, w: -1}
  - {x: -1, y: 0, z: 0, w: -1}
  - {x: -1, y: 0, z: 0, w: -1}
  - {x: -1, y: 0, z: 0, w: -1}
  - {x: 0, y: 0, z: -1, w: -1}
  - {x: 0, y: 0, z: -1, w: -1}
  - {x: 0, y: 0, z: -1, w: -1}
  - {x: 0, y: 0, z: -1, w: -1}
  - {x: 0, y: 0, z: -1, w: -1}
  - {x: 1, y: 0, z: 0, w: -1}
  - {x: 1, y: 0, z: 0, w: -1}
  - {x: 1, y: 0, z: 0, w: -1}
  - {x: 1, y: 0, z: 0, w: -1}
  - {x: 1, y: 0, z: 0, w: -1}
  - {x: 1, y: 0, z: 0, w: -1}
  - {x: 1, y: 0, z: 0, w: -1}
  - {x: 1, y: 0, z: 0, w: -1}
  - {x: 1, y: 0, z: 0, w: -1}
  - {x: 1, y: 0, z: 0, w: -1}
  - {x: 1, y: 0, z: 0, w: -1}
  - {x: 1, y: 0, z: 0, w: -1}
  - {x: 1, y: 0, z: 0, w: -1}
  - {x: 1, y: 0, z: 0, w: -1}
  - {x: 1, y: 0, z: 0, w: -1}
  - {x: 1, y: 0, z: 0, w: -1}
  - {x: 1, y: 0, z: 0, w: -1}
  - {x: 1, y: 0, z: 0, w: -1}
  - {x: 1, y: 0, z: 0, w: -1}
  - {x: 1, y: 0, z: 0, w: -1}
  - {x: 1, y: 0, z: 0, w: -1}
  - {x: 1, y: 0, z: 0, w: -1}
  - {x: 1, y: 0, z: 0, w: -1}
  - {x: 1, y: 0, z: 0, w: -1}
  - {x: 1, y: 0, z: 0, w: -1}
  - {x: 1, y: 0, z: 0, w: -1}
  - {x: 1, y: 0, z: 0, w: -1}
  - {x: 1, y: 0, z: 0, w: -1}
  - {x: 1, y: 0, z: 0, w: -1}
  - {x: 1, y: 0, z: 0, w: -1}
  - {x: 1, y: 0, z: 0, w: -1}
  - {x: 1, y: 0, z: 0, w: -1}
  - {x: 1, y: 0, z: 0, w: -1}
  - {x: 1, y: 0, z: 0, w: -1}
  - {x: 1, y: 0, z: 0, w: -1}
  - {x: 1, y: 0, z: 0, w: -1}
  - {x: 1, y: 0, z: 0, w: -1}
  - {x: 1, y: 0, z: 0, w: -1}
  - {x: 1, y: 0, z: 0, w: -1}
  - {x: 1, y: 0, z: 0, w: -1}
  - {x: 1, y: 0, z: 0, w: -1}
  - {x: 1, y: 0, z: 0, w: -1}
  - {x: 1, y: 0, z: 0, w: -1}
  - {x: 1, y: 0, z: 0, w: -1}
  - {x: 1, y: 0, z: 0, w: -1}
  - {x: 1, y: 0, z: 0, w: -1}
  - {x: 1, y: 0, z: 0, w: -1}
  - {x: 1, y: 0, z: 0, w: -1}
  - {x: 1, y: 0, z: 0, w: -1}
  - {x: 1, y: 0, z: 0, w: -1}
  - {x: 1, y: 0, z: 0, w: -1}
  - {x: 0, y: 0, z: -1, w: -1}
  - {x: 0, y: 0, z: -1, w: -1}
  - {x: 0, y: 0, z: -1, w: -1}
  - {x: 0, y: 0, z: -1, w: -1}
  - {x: 0, y: 0, z: 1, w: -1}
  - {x: 0, y: 0, z: 1, w: -1}
  - {x: 0, y: 0, z: 1, w: -1}
  - {x: 0, y: 0, z: 1, w: -1}
  - {x: -1, y: 0, z: 0, w: -1}
  - {x: -1, y: 0, z: 0, w: -1}
  - {x: -1, y: 0, z: 0, w: -1}
  - {x: -1, y: 0, z: 0, w: -1}
  - {x: -1, y: 0, z: 0, w: -1}
  - {x: -1, y: 0, z: 0, w: -1}
  - {x: -1, y: 0, z: 0, w: -1}
  - {x: -1, y: 0, z: 0, w: -1}
  - {x: 0, y: 0, z: 1, w: -1}
  - {x: 0, y: 0, z: 1, w: -1}
  - {x: 0, y: 0, z: 1, w: -1}
  - {x: 0, y: 0, z: 1, w: -1}
  - {x: 0, y: 0, z: -1, w: -1}
  - {x: 0, y: 0, z: -1, w: -1}
  - {x: 0, y: 0, z: -1, w: -1}
  - {x: 0, y: 0, z: -1, w: -1}
  - {x: 0, y: 0, z: 1, w: -1}
  - {x: 0, y: 0, z: 1, w: -1}
  - {x: 0, y: 0, z: 1, w: -1}
  - {x: 0, y: 0, z: 1, w: -1}
  - {x: 1, y: 0, z: 0, w: -1}
  - {x: 1, y: 0, z: 0, w: -1}
  - {x: 1, y: 0, z: 0, w: -1}
  - {x: 1, y: 0, z: 0, w: -1}
  m_Colors: []
  m_UnwrapParameters:
    m_HardAngle: 88
    m_PackMargin: 20
    m_AngleError: 8
    m_AreaError: 15
  m_PreserveMeshAssetOnDestroy: 0
  assetGuid: 
  m_Mesh: {fileID: 0}
  m_VersionIndex: 7141
  m_IsSelectable: 1
  m_SelectedFaces: 
  m_SelectedEdges: []
  m_SelectedVertices: 
--- !u!114 &7346053929139175514
MonoBehaviour:
  m_ObjectHideFlags: 0
  m_CorrespondingSourceObject: {fileID: 0}
  m_PrefabInstance: {fileID: 0}
  m_PrefabAsset: {fileID: 0}
  m_GameObject: {fileID: 7346053929139175494}
  m_Enabled: 1
  m_EditorHideFlags: 0
  m_Script: {fileID: 11500000, guid: 1ca002da428252441b92f28d83c8a65f, type: 3}
  m_Name: 
  m_EditorClassIdentifier: 
  m_Shape:
    rid: 4807841637419712515
  m_Size: {x: -1, y: 1, z: -2}
  m_Rotation: {x: 0, y: 0, z: 0, w: 1}
  m_PivotLocation: 1
  m_PivotPosition: {x: 0, y: 0, z: 0}
  m_UnmodifiedMeshVersion: 1551
  m_ShapeBox:
    m_Center: {x: -0.5, y: 0.5, z: -1}
    m_Extent: {x: 0.5, y: 0.5, z: 1}
  references:
    version: 2
    RefIds:
    - rid: 4807841637419712515
      type: {class: Cube, ns: UnityEngine.ProBuilder.Shapes, asm: Unity.ProBuilder}
--- !u!23 &7346053929139175513
MeshRenderer:
  m_ObjectHideFlags: 0
  m_CorrespondingSourceObject: {fileID: 0}
  m_PrefabInstance: {fileID: 0}
  m_PrefabAsset: {fileID: 0}
  m_GameObject: {fileID: 7346053929139175494}
  m_Enabled: 1
  m_CastShadows: 1
  m_ReceiveShadows: 1
  m_DynamicOccludee: 1
  m_StaticShadowCaster: 0
  m_MotionVectors: 1
  m_LightProbeUsage: 1
  m_ReflectionProbeUsage: 1
  m_RayTracingMode: 2
  m_RayTraceProcedural: 0
  m_RenderingLayerMask: 1
  m_RendererPriority: 0
  m_Materials:
  - {fileID: 2100000, guid: e149461a0d9043d4e928d6cab7e65494, type: 2}
  - {fileID: 2100000, guid: fb7d23551e9fc524ea32dc4b62fad789, type: 2}
  - {fileID: 2100000, guid: 35dcb910da77c2b45aeaa698ba06bd70, type: 2}
  m_StaticBatchInfo:
    firstSubMesh: 0
    subMeshCount: 0
  m_StaticBatchRoot: {fileID: 0}
  m_ProbeAnchor: {fileID: 0}
  m_LightProbeVolumeOverride: {fileID: 0}
  m_ScaleInLightmap: 1
  m_ReceiveGI: 1
  m_PreserveUVs: 0
  m_IgnoreNormalsForChartDetection: 0
  m_ImportantGI: 0
  m_StitchLightmapSeams: 1
  m_SelectedEditorRenderState: 2
  m_MinimumChartSize: 4
  m_AutoUVMaxDistance: 0.5
  m_AutoUVMaxAngle: 89
  m_LightmapParameters: {fileID: 0}
  m_SortingLayerID: 0
  m_SortingLayer: 0
  m_SortingOrder: 0
  m_AdditionalVertexStreams: {fileID: 0}
--- !u!33 &7346053929139175512
MeshFilter:
  m_ObjectHideFlags: 0
  m_CorrespondingSourceObject: {fileID: 0}
  m_PrefabInstance: {fileID: 0}
  m_PrefabAsset: {fileID: 0}
  m_GameObject: {fileID: 7346053929139175494}
  m_Mesh: {fileID: 0}
--- !u!64 &7346053929139175495
MeshCollider:
  m_ObjectHideFlags: 0
  m_CorrespondingSourceObject: {fileID: 0}
  m_PrefabInstance: {fileID: 0}
  m_PrefabAsset: {fileID: 0}
  m_GameObject: {fileID: 7346053929139175494}
  m_Material: {fileID: 0}
  m_IsTrigger: 0
  m_Enabled: 1
  serializedVersion: 4
  m_Convex: 0
  m_CookingOptions: 30
  m_Mesh: {fileID: 0}
